2806 3581
1332 161 1364 213 9

1209 230 1479 242 ΝνκΝκΝκΛινν

373 333 379 339 ·
423 313 565 370 Movit
591 313 847 358 Ciceronem
874 310 924 357 in
948 313 1098 371 primis
1125 311 1313 358 officium
1345 312 1461 371 grati
1490 312 1623 357 animi
1661 313 1707 356 in
1735 312 1988 373 Pompejum
2026 312 2297 372 praestandi;
2337 326 2440 356 nam

243 409 386 457 'quum
423 394 512 443 hic
537 393 773 452 aliquando
817 393 945 438 saluti
986 407 1075 438 non
1116 393 1328 438 defuisset
1367 408 1484 449 suae,
1526 408 1671 452 neque
1715 395 1808 452 ipse
1852 394 2051 452 Pompeji
2089 393 2245 437 deesse
2289 393 2437 437 voluit.

246 475 400 536 Itaque
419 473 939 534 ,ubiufugsef-mltsoem
966 472 1211 533 bonamque
1239 488 1397 518 navem
1425 473 1509 518 sibi
1546 480 1698 518 nactus
1736 489 1834 518 esse
1872 473 1993 518 visus
2030 480 2115 530 est;
2153 487 2213 518 ‚ea
2251 474 2315 518 uti
2349 488 2439 518 non

246 554 471 617 dubitavit
526 555 701 601 'Navem
721 554 973 600 conscendit
997 554 1079 601 111.
1106 553 1213 599 Idus
1230 554 1262 600 J
1263 554 1399 611 unias,
1411 556 1507 614 jam
1525 569 1615 599 -non
1634 562 1682 598 ut
1699 553 1891 611 Meliten,
1920 561 1971 598 ut
1991 560 2121 599 antea
2140 562 2437 612 proposuerat,

238 636 325 683 sed
350 636 551 697 Pompeii
579 641 629 680 ut
658 642 803 682 casn-a
831 641 1010 696 peteret.

685 720 733 770 Β.
766 720 844 768 De
879 718 1130 768 charone
1161 719 1219 767 in
1253 720 1441 768 castris
1475 718 1713 783 Pompeji
1749 722 2011 768 versante.

567 808 656 844 Inde
678 818 703 844 a
722 817 843 844 meme
861 806 991 843 Sexffli
1009 806 1094 843 anni
1114 816 1150 842 u.
1173 807 1240 842 ‘105
1261 817 1377 854 usque
1397 807 1445 843 ad
1464 807 1649 844 ineuntem
1668 808 1902 843 suctumnum
1921 806 2008 842 anni
2029 806 2106 842 706.

413 878 705 937 Navigatione
723 877 880 921 Cicero
898 891 1110 936 prospera
1136 892 1238 921 usus
1268 883 1349 933 est,
1376 876 1490 922 nullo
1520 877 1634 921 enim
1654 877 1839 921 adverso
1870 892 1976 921 casu
2003 878 2050 921 in
2069 876 2266 936 Pompeji
2286 884 2429 920 castra

241 960 454 1021 pervenit.
479 968 482 971 ⁴
511 958 741 1003 Adventus
780 959 889 1017 ejus,
928 964 977 1001 ut
985 957 1154 1002 „scribit
1187 957 1452 1015 Plutarchus,
1491 958 1551 1002 ad
1590 973 1732 1016 quem,
1775 973 1906 1016 quum
1943 958 2231 1017 paucissimae
2266 964 2432 1001 tantum

240 1038 465 1084 Ciceronis
495 1055 553 1084 ex
571 1047 662 1083 toto
692 1038 778 1082 hoc·
794 1046 987 1096 tempore
1018 1036 1224 1096 epistolae
1253 1045 1439 1094 exstent,
1468 1037 1594 1082 nobis
1614 1038 1950 1096 confugiendum
1970 1045 2048 1095 est,
2077 1038 2234 1082 ceteris
2255 1037 2431 1096 quidem

237 1129 387 1180 gratus
426 1120 529 1177 fuit3
571 1119 683 1165 Cato
722 1126 867 1164 autem
905 1118 1022 1163 illum
1061 1119 1332 1177 conspicatus
1373 1120 1573 1177 privatim
1612 1118 1756 1163 multis
1795 1118 1943 1163 verbis
1980 1118 2274 1178 reprehendit,
2314 1119 2433 1179 quod

237 1202 489 1260 PompeJum
530 1207 702 1245 secutus
735 1207 866 1243 esset.
936 1199 1034 1258 Ipsiv
1063 1200 1176 1244 enim
1206 1214 1295 1244 non
1322 1198 1435 1243 bene
1473 1198 1721 1244 habiturum
1760 1199 1906 1256 fuisse,
1940 1201 1990 1256 si,
2031 1215 2139 1258 quas
2168 1199 2433 1259 reipublicae

236 1288 383 1341 partes
413 1281 470 1326 ab
499 1281 623 1326 initio
651 1279 921 1339 amplexatus
951 1286 1079 1336 esset,
1109 1279 1384 1335 deseruisset,
1411 1279 1527 1324 illum
1556 1294 1677 1337 vero,
1714 1281 1788 1339 qui
1827 1281 1969 1340 magis
2010 1280 2218 1339 prodesse
2260 1281 2428 1340 patriae

236 1369 281 1406 et
308 1363 456 1406 amicis
485 1362 708 1421 potuisset,
739 1361 776 1404 si
803 1361 851 1404 in
881 1359 1007 1405 Italia
1033 1375 1154 1404 reses
1187 1360 1425 1419 aequaliter
1464 1375 1510 1404 se
1539 1360 1599 1404 ad
1627 1367 1832 1422 eventum
1861 1368 2169 1420 comparasset,
2207 1361 2326 1406 nulla
2362 1376 2429 1405 ra-

235 1443 352 1486 tione
382 1450 426 1486 et
444 1441 619 1500 absque
648 1441 904 1486 necessitate
934 1440 1101 1484 hostem
1130 1439 1321 1485 Caesari.
1341 1441 1498 1485 factum
1533 1455 1631 1485 esse
1674 1448 1719 1485 et
1746 1442 1930 1486 intanti
1968 1442 2148 1501 periculi
2178 1444 2429 1487 societatem

235 1537 287 1566 eo
317 1523 503 1567 venisse.
562 1522 687 1566 Haec
713 1520 852 1565 verba
871 1520 1104 1565 Ciceronis
1133 1522 1324 1565 animum
1351 1520 1577 1575 flexerunt,
1598 1525 1859 1579 praesertim
1882 1537 2013 1580 quum
2037 1524 2130 1582 ejus
2160 1538 2296 1582 opera
2309 1523 2429 1568 nulla

233 1605 280 1646 in
297 1617 345 1645 re
365 1617 525 1660 magna
553 1584 785 1660 Pompejm
805 1608 1010 1656 uteretur,
1039 1608 1087 1644 ut
1105 1603 1180 1658 qui
1199 1601 1367 1644 consilii
1396 1604 1510 1659 capti
1529 1617 1576 1645 se
1596 1603 1821 1659 poenitere
1843 1617 1932 1645 non
1951 1610 2169 1660 negasset.
2230 1604 2426 1662 Hujusce

226 1683 381 1742 judicii
418 1683 559 1740 ipsum
601 1681 856 1726 Ciceronem
893 1680 1103 1724 habemus
1139 1686 1306 1724 testem.
1376 1679 1535 1724 Scribit
1573 1682 1689 1724 enim
1731 1682 1776 1725 in
1818 1681 2001 1741 epistola
2043 1682 2102 1726 ad
2140 1683 2199 1726 M.
2237 1684 2425 1727 Marium

234 1762 356 1807 data:
402 1761 595 1819 „Pudori
634 1761 766 1806 malui
808 1762 1035 1820 famaeque
1078 1759 1246 1817 cedere,
1289 1774 1419 1819 quam
1463 1759 1611 1805 salutis
1655 1775 1779 1806 meae
1821 1762 2034 1806 rationem
2079 1762 2250 1808 ducere.
2292 1762 2426 1823 Cujus

231 1858 301 1887 me
329 1843 434 1886 facti
452 1843 675 1901 poenituit,
704 1857 792 1886 non
816 1850 906 1887 tam
925 1849 1099 1900 propter
1117 1841 1356 1900 periculum
1375 1856 1527 1897 meum,
1557 1856 1686 1899 quam
1705 1849 1886 1900 propter
1912 1843 2020 1886 vitia
2047 1843 2192 1900 multa,
2223 1859 2335 1902 quae
2363 1845 2426 1888 ibi

234 1923 406 1978 offendi,
436 1938 521 1981 quo
552 1937 770 1966 veneram.
827 1922 1020 1966 Primum
1047 1937 1188 1980 neque
1222 1937 1404 1980 magnas
1442 1923 1601 1980 copias,
1638 1937 1780 1980 neque
1820 1922 2061 1979 bellicosas,
2103 1923 2261 1968 deinde
2299 1933 2426 1969 extra

232 2005 385 2047 ducem
414 2018 661 2061 paucosque
681 2010 907 2060 praeterea
926 2002 1000 2059 (de
1020 2001 1286 2060 principibus
1315 2001 1484 2060 loquor.)
1514 2001 1668 2059 reliqui
1689 2003 1876 2059 primum
1895 2004 1942 2046 in
1961 2004 2056 2060 ipso
2084 2003 2196 2046 bello
2227 2020 2421 2063 rapaces,

232 2084 390 2129 deinde
419 2085 464 2128 in
494 2084 686 2128 oratione
723 2084 785 2127 ita
822 2081 1032 2138 crudeles,
1073 2089 1120 2126 ut
1156 2082 1296 2140 ipsam
1334 2082 1557 2126 victoriam
1596 2081 1844 2139 horreremz,
1884 2084 2120 2127 'maximum
2160 2091 2305 2129 autem
2347 2101 2422 2129 aes

230 2165 417 2210 alienum
455 2163 812 2223 amplissimorum
852 2163 1052 2206 virorum.
1112 2161 1231 2217 Quid
1269 2163 1472 2221 quaeris?
1512 2162 1629 2207 Nihil
1666 2161 1770 2207 boni
1809 2170 1984 2221 praeter
2023 2164 2240 2208 causam.“
2308 2165 2423 2209 Huic

231 2245 287 2290 de
315 2246 420 2291 viris
449 2245 722 2304 Pompejanis
740 2243 906 2303 judicio
929 2241 1157 2302 jungenda
1193 2249 1306 2299 sunt,
1345 2258 1456 2302 quae
1487 2243 1640 2287 Cicero
1679 2243 1737 2287 ad
1766 2244 1960 2288 Atticum
1989 2243 2166 2290 scribit:
2194 2245 2296 2302 „Me
2336 2246 2421 2290 dis-

230 2327 411 2370 cessisse
448 2325 505 2369 ab
545 2326 678 2371 armis
712 2339 932 2383 nunquam
971 2323 1190 2381 poenituit.
1221 2323 1366 2367 Tanta
1385 2331 1478 2367 erat
1495 2325 1540 2366 in
1558 2323 1641 2366 illis
1661 2324 1909 2379 crudelitas,
1941 2331 2063 2368 tanta
2092 2341 2190 2368 cum
2221 2325 2420 2370 barbaris

228 2406 433 2465 gentibus
460 2406 721 2465 conjunctio,
751 2412 804 2449 ut
831 2397 920 2449 non
949 2404 1213 2460 nominatim,
1248 2403 1328 2448 sed
1354 2405 1593 2463 generatim
1629 2405 1887 2464 proscriptio
1928 2413 2044 2449 esset
2081 2405 2332 2463 informata3
2372 2415 2421 2451 ut

221 2487 314 2546 Jam
330 2487 518 2531 omnium
526 2485 696 2545 judicio
717 2485 991 2530 constitutum
1008 2491 1133 2542 esset,
1153 2485 1344 2529 omninm
1358 2492 1547 2529 vestrum
1567 2484 1683 2529 bona
1696 2485 1904 2545 praedam
1922 2501 2018 2530 esse
2038 2485 2150 2531 illius
2169 2487 2418 2531 victoriae“

399 2567 451 2636 ln
482 2567 636 2609 castris
658 2566 853 2625 Pompeji
874 2564 1027 2608 Cicero
1056 2564 1190 2608 filium
1219 2566 1394 2637 reperit,
1423 2566 1496 2623 qui
1515 2580 1646 2623 quum
1665 2565 1848 2609 Athenis
1868 2566 2003 2609 literis
2023 2580 2200 2625 operam
2219 2575 2415 2625 navaret,

228 2653 381 2704 sponte
420 2633 499 2689 sua
527 2643 733 2705 Po'mpejo
762 2660 858 2691 sese
888 2645 1146 2704 adjunxerat
1176 2651 1219 2688 et
1247 2633 1529 2689 honorificum
1557 2644 1675 2703 apud
1705 2661 1803 2689 eum
1832 2646 1985 2701 locum,
2023 2661 2108 2703 quo
2137 2646 2210 2689 illo
2240 2647 2418 2705 quidem

226 2735 420 2785 tempore
447 2741 536 2770 non
565 2726 789 2783 indignum
817 2724 990 2769 videtur
1017 2740 1113 2768 sese
1142 2724 1410 2782 praebuisse,
1450 2724 1684 2769 obtinebat
1742 2725 1802 2769 At
1836 2734 1962 2783 pater
2001 2725 2190 2770 officium
2230 2727 2417 2773 militare

225 2805 348 2857 adire
385 2805 523 2850 noluit
559 2812 604 2850 et
639 2820 695 2849 ne
733 2806 778 2850 in
815 2806 968 2850 castris
1006 2804 1182 2864 quidem
1194 2831 1203 2845 1
1220 2812 1393 2864 togatus
1429 2807 1540 2850 inter
1578 2811 1765 2850 armatos
1805 2820 1901 2849 esse
1940 2804 2081 2862 desiit,
2121 2805 2229 2851 illud
2274 2823 2407 2852 unum

224 2888 493 2946 propositum
521 2886 700 2942 habens,
736 2894 785 2932 ut
812 2887 996 2931 amicum
1024 2886 1201 2931 consilio
1240 2886 1480 2946 adjuvaret.
1547 2887 1646 2932 Jam
1685 2901 1789 2930 vero
1830 2902 1962 2944 quum
1999 2887 2048 2931 in
2087 2888 2257 2943 castris,
2297 2889 2416 2947 quod

224 2967 444 3026 probaret,
472 2967 580 3013 nihil
597 2968 691 3012 fere
709 2968 956 3024 invenisset,
975 2982 1108 3026 quum
1135 2965 1237 3012 belli
1256 2976 1489 3028 apparatus
1509 2969 1550 3012 ei
1568 2974 1656 3012 tam
1674 2981 1865 3024 mancus,
1892 2967 2169 3012 consiliorum
2191 2976 2415 3028 captorum

224 3049 334 3093 ratio
364 3064 422 3093 ex
451 3047 650 3093 omnibus
679 3048 875 3107 partibus
904 3055 992 3092 tam
1021 3048 1179 3092 vitiosa
1206 3047 1444 3106 videretur,
1474 3055 1521 3093 ut
1547 3063 1603 3092 ne
1632 3047 1920 3092 acerbissimis
1949 3048 2139 3107 quidem,
2169 3064 2281 3108 quae
2317 3058 2415 3095 atra

2138 3141 2155 3166 2
