2806 3581
1290 211 1304 219 x
1319 209 1537 221 ,κὐυχιςικιχνκ

297 293 590 350 mugi-nsunt
614 290 700 335 sibi
746 297 1068 350 prorogaretur.
1125 289 1186 334 Et
1222 290 1343 349 quod
1377 291 1606 350 petiverat,
1644 298 1866 342 assecuta
1905 300 1983 337 est.
2042 292 2274 339 vaiwis
2308 293 2500 340 excessit

295 371 410 420 a..d.
443 370 645 418 [IL-Cal.
685 369 811 420 sext.
850 369 1128 421 LvAemilio
1157 369 1320 428 Paullo,
1363 371 1424 418 Ο..
1452 371 1636 422 Claudio
1672 372 1898 422 Marcellos
1916 389 2026 436 coss.
2062 375 2243 426 (8,.ᾼῖοᾷ
2272 375 2498 432 ρ.,,,ιι..ο.);

295 451 592 501 Brundusium
621 451 824 511 per-venit
860 465 900 496 a.
930 450 972 496 d.
1003 447 1097 494 Vll.
1132 448 1229 495 Cal.
1258 449 1468 498 Decemb.
1510 450 1721 498 Cicerone
1749 453 1888 499 etiam
1917 454 1963 501 in
1990 453 2102 503 Asia
2127 460 2332 505 versantes
2358 453 2502 501 Tullia

296 532 554 580 Dolabellae
583 533 744 591 nupsit,
775 546 888 592 quae
918 545 990 575 res
1018 537 1067 574 ut
1093 545 1181 574 non
1201 545 1380 589 prorsus
1410 547 1467 576 ex
1495 533 1632 591 patris
1661 531 1884 586 voluntate
1915 533 2033 588 facta
2061 543 2169 592 erat,
2197 535 2260 580 ita
2287 534 2335 579 in
2352 535 2500 579 varias

294 614 515 662 bominum
543 612 903 673 reprehensiones
932 611 1096 668 incidit,
1126 626 1259 670 quum
1287 627 1424 671 gener
1454 619 1681 672 suspectae
1719 612 1839 658 fidei
1862 621 1912 659 et
1934 629 2103 662 morum
2132 614 2401 675 perditorum
2431 615 2500 659 vir

294 711 394 741 esse
423 693 661 740 videretur.
710 693 796 744 Pro
825 693 956 738 rebus
984 694 1030 737 in
1059 694 1168 740 Asia
1193 694 1332 752 gestis
1362 693 1517 739 Cicero
1534 694 1753 754 ,triumphi
1782 694 2243 743 honores-affectabat.
2293 696 2379 753 Qui
2406 697 2500 756 qui-

293 776 397 824 dem
426 775 469 819 ei
496 789 586 818 non
615 775 923 834 contigerunt3
952 789 1161 818 concessa
1188 781 1336 818 autem
1365 780 1433 820 est
1459 774 1730 834 supplicatio,
1769 776 1984 822 renitente
2015 776 2198 831 Catone,
2236 779 2326 837 qui,
2368 793 2501 837 quum

295 857 499 901 maximis
528 857 574 899 in
603 864 759 900 senatu
789 854 1048 899 Ciceronem
1075 854 1279 898 laudibus
1310 864 1521 912 ornasset,
1550 855 1720 900 laudari
1748 857 1792 900 in
1822 862 1975 901 senatu
2003 856 2225 901 honestius
2253 857 2338 902 sibi
2359 857 2501 902 videri

297 935 460 996 ajebat,
490 950 621 995 quam
659 950 792 994 agere
825 934 1076 994 triumphos.
1136 934 1208 979 Ad
1244 934 1398 979 urbem
1435 937 1619 981 accessit
1645 936 1759 995 prid.
1787 936 1938 980 Nonas
1964 937 2198 982 Januarias
2237 938 2288 982 L.
2317 936 2500 982 Claudio

297 1016 520 1074 Marcello,
550 1017 601 1064 L.
631 1015 834 1061 Cornelio
864 1014 1048 1060 Lentulo
1079 1030 1186 1059 coss.
1225 1015 1283 1071 (a.
1312 1031 1352 1060 u.
1384 1015 1498 1070 705).
1557 1016 1748 1061 Obviam
1789 1018 1830 1060 ei
1863 1018 1926 1061 sic
1955 1026 2021 1061 est
2049 1017 2280 1076 proditum,
2319 1026 2376 1063 ut·
2394 1018 2501 1063 nihil

295 1106 448 1158 posset
473 1098 570 1142 fieri
598 1098 803 1142 ornatius.
863 1095 954 1141 Sed
983 1095 1137 1142 incidit
1165 1098 1208 1141 in
1247 1097 1387 1156 ipsam
1416 1097 1631 1141 flammam
1660 1097 1799 1142 civilis
1828 1098 2074 1143 discordiae
2114 1098 2183 1142 vel
2212 1099 2355 1158 potius
2384 1098 2500 1156 belli,

300 1188 348 1225 ut
377 1181 471 1239 ipse
501 1180 783 1239 praesagiens
813 1177 928 1221 dicit.

505 1264 556 1312 2.
589 1264 668 1312 De
704 1262 954 1311 Cicerone
988 1262 1156 1325 primo
1190 1262 1319 1311 belli
1351 1262 1521 1312 civilis
1553 1267 1790 1324 tempore
1824 1263 1881 1312 in
1909 1264 2073 1314 >Italia
2107 1265 2295 1314 reside.

792 1350 825 1386 A
848 1360 968 1385 mense
991 1349 1160 1386 Januario
1183 1360 1298 1396 usque
1321 1349 1368 1386 ad
1391 1360 1545 1386 mensem
1567 1350 1738 1387 Sextilem
1760 1351 1845 1387 anni
1869 1362 1904 1387 ιι.
1930 1352 2007 1388 705.

472 1422 628 1464 Cicero
658 1423 705 1463 in
735 1420 888 1482 urbem
917 1421 1120 1477 redierat,
1149 1422 1195 1463 in
1225 1436 1313 1479 qua
1342 1436 1447 1479 prae
1478 1421 1632 1464 ceteris
1661 1421 1819 1464 florere
1849 1422 1998 1465 solitus
2029 1429 2136 1467 erat.
2195 1423 2285 1467 Sed
2316 1438 2370 1467 ea
2397 1424 2500 1468 urbs

299 1519 455 1563 parum
484 1502 643 1546 laetam
672 1501 874 1545 redeunti
914 1502 1069 1544 faciem
1109 1501 1363 1559 praebebat.
1420 1502 1522 1544 Jam
1552 1503 1666 1544 enim
1697 1518 1828 1559 quum
1859 1503 2111 1562 Pompejum
2145 1519 2174 1547 a
2219 1504 2260 1547 d.
2294 1505 2370 1547 IV.
2401 1504 2502 1548 ldus

300 1582 464 1628 Decbr.
503 1582 794 1638 convenisset,
831 1583 975 1625 omnia
1013 1581 1071 1624 ad
1102 1580 1260 1625 bellum
1297 1596 1477 1638 vergere
1518 1581 1742 1624 intellexit.
1801 1580 1852 1624 ln
1890 1582 1974 1626 hoc
2002 1572 2251 1627 discrimine
2290 1583 2347 1626 ab
2379 1585 2500 1627 initio

297 1663 454 1709 Cicero
493 1664 689 1708 neutrius
729 1663 867 1722 partis
896 1678 991 1706 esse
1029 1661 1217 1719 volebat,
1255 1663 1414 1722 quippe
1444 1662 1531 1720 qui,
1560 1676 1690 1720 quum
1722 1663 1944 1721 utriusque
1973 1669 2169 1708 uteretur
2195 1665 2501 1722 familiaritate,

299 1761 349 1791 se
388 1759 540 1804 pacem
579 1744 694 1787 inter
734 1743 989 1803 Pompejum
1026 1740 1347 1798 caesatemque
1398 1742 1625 1787 conciliare
1665 1758 1794 1801 posse
1835 1751 2043 1803 speraret,
2106 1747 2217 1791 Pace
2256 1749 2370 1791 enim
2399 1762 2502 1807 prae

301 1828 459 1872 ceteris
488 1841 600 1886 opus
630 1839 726 1869 esse
755 1824 1037 1883 intelligebat,
1067 1840 1124 1869 ex
1153 1826 1338 1870 victoria
1367 1838 1497 1881 quum
1525 1824 1660 1868 multa
1688 1824 1815 1881 mala,
1845 1833 1936 1869 tum
1965 1833 2081 1870 certe
2112 1834 2342 1886 tyrannum
2371 1830 2501 1872 exsti·

299 1916 458 1956 turum.
509 1909 625 1954 Tota
652 1905 829 1965 quidem
858 1905 1037 1950 vivendi
1067 1911 1112 1949 et
1141 1906 1364 1964 cogitandi
1393 1907 1559 1950 ratione
1581 1904 1734 1949 Cicero
1763 1907 1902 1964 magis
1930 1907 1988 1950 ad
2018 1908 2214 1968 Pompeji
2243 1915 2390 1968 partes
2419 1915 2503 1953 tra·

299 1991 498 2036 bebatur.
549 1990 783 2046 Nunquam
812 1988 926 2031 enim
955 1988 1226 2046 optimatium
1257 1994 1405 2046 partes
1433 2003 1521 2031 non
1540 2002 1709 2031 summa
1738 2002 1834 2031 cum
1852 1986 2068 2031 industria
2087 1994 2182 2033 erat
2200 1990 2348 2046 tuitus,
2380 1990 2503 2034 Pom-

303 2074 404 2132 pejo
433 2071 723 2115 familiaritate
752 2068 967 2124 addictus,
997 2067 1285 2112 admiratione
1315 2068 1542 2112 devinctus
1573 2074 1680 2124 erat,
1711 2079 1846 2124 quum
1875 2082 1904 2111 a
1932 2065 2137 2113 Caesaris
2167 2069 2322 2113 studiis
2354 2069 2409 2114 de
2439 2085 2504 2114 re-

302 2153 478 2212 publica
499 2153 593 2210 Jam
624 2166 653 2193 a
680 2149 975 2208 conjuratione
1006 2147 1261 2192 Catilinaria
1290 2150 1501 2208 susceptis
1531 2153 1825 2192 revocaretur.
1872 2149 2019 2206 Atque
2041 2154 2185 2193 tamen
2214 2156 2337 2194 erant
2356 2150 2503 2209 multa,

300 2247 420 2291 quae
450 2232 522 2276 vel
549 2232 650 2276 huic
684 2229 939 2275 adversario
978 2244 1076 2274 eum
1114 2229 1370 2289 deligarent.
1427 2228 1535 2274 Erat
1573 2235 1717 2288 caput,
1748 2229 1867 2286 quod
1908 2228 2086 2274 Caesari
2121 2230 2322 2287 debebat,
2361 2243 2503 2288 neque

304 2294 477 2359 solvere
506 2288 723 2372 potberag
763 2315 858 2354 erat
896 2309 1127 2354 Dolabella
1154 2327 1304 2369 gener,
1343 2315 1437 2354 erat
1466 2309 1680 2367 Caesaris,
1720 2322 1834 2366 quae
1875 2309 2116 2367 dicebatur,
2156 2326 2253 2354 cum
2293 2309 2504 2355 Cicerone

300 2392 507 2441 amicitia.
566 2392 721 2450 Neque
751 2390 1015 2435 mediocrem
1044 2389 1209 2437 Caesar
1245 2406 1422 2451 operam
1455 2393 1647 2449 navavit,
1686 2397 1733 2435 ut
1763 2397 1910 2436 tantae
1947 2392 2216 2436 auctoritatis
2250 2393 2394 2436 virum
2431 2400 2506 2438 aut

303 2475 389 2521 sibi
418 2476 717 2534 conjungeret,
731 2477 824 2516 ’aut
851 2477 901 2514 ut
928 2473 1065 2530 partis
1094 2484 1190 2517 esse
1221 2472 1354 2517 vellet
1382 2474 1574 2517 neutrius
1604 2478 1895 2532 permoveret.

479 2554 670 2598 lnierant
696 2554 1000 2612 magistratum
1034 2555 1137 2598 novi
1167 2553 1379 2610 consules,
1418 2553 1571 2598 allatae
1606 2558 1731 2597 erant
1765 2552 1956 2598 minaces
1985 2551 2187 2597 Caesaris
2222 2553 2280 2598 ad
2310 2559 2507 2598 senatum

304 2635 468 2691 literae,
499 2633 759 2694 aufugerant
787 2633 845 2677 ad
875 2630 1109 2679 Caesarem
1139 2635 1267 2680 amici
1298 2635 1392 2695 ejus
1420 2634 1652 2691 Antonius,
1681 2631 1827 2687 Curio,
1859 2630 2048 2690 Cassius,
2082 2646 2216 2691 quum
2246 2634 2508 2691 consulibus,

305 2714 595 2774 praetoribus,
623 2714 822 2770 tribunis,
852 2714 1152 2760 consularibus
1180 2715 1381 2760 omnibus
1409 2715 1515 2759 viris
1542 2714 1766 2774 negotium
1795 2718 1914 2757 esset
1941 2712 2103 2771 datum,
2133 2719 2182 2758 ut
2209 2714 2422 2771 viderent,
2452 2730 2507 2759 ne

305 2795 417 2852 quid
440 2795 693 2854 >respublica
719 2795 968 2841 detrimenti
998 2802 1188 2855 caperet,
1219 2795 1426 2854 expulsos
1464 2810 1561 2839 sese
1594 2793 1794 2853 neglecta
1828 2794 2019 2852 ipsorum
2047 2795 2357 2840 intercessione
2388 2795 2508 2840 dicti-

306 2881 463 2921 tantes.
522 2875 689 2935 Maiore
727 2889 950 2933 nunquam
990 2877 1035 2920 in
1070 2875 1263 2936 periculo
1300 2874 1571 2934 respublicae
1601 2873 1802 2919 Ciceroni
1840 2880 2014 2919 versata
2052 2889 2149 2919 esse
2178 2874 2435 2931 videbatur;
2466 2882 2511 2919 et

305 2964 427 3002 recte
456 2956 502 3000 id
532 2955 723 3013 quidem.
773 2956 958 3001 Servata
987 2956 1104 3002 enim
1123 2955 1346 3009 ¹libertatis
1375 2956 1520 3012 specie
1540 2954 1790 3012 respublica
1816 2954 2014 2999 Romana
2031 2954 2160 2999 unius
2179 2954 2263 2999 viri
2292 2955 2411 3000 facta
2428 2962 2508 2999 est.

304 3034 476 3082 Caesar
505 3035 766 3081 violatorum
793 3035 1068 3080 tribunorum
1086 3016 1345 3080 auctoritate
1374 3049 1477 3080 usus
1497 3034 1615 3079 nulla
1633 3027 1891 3092 interposita
1911 3025 2033 3079 mora
2051 3032 2322 3081 Rubiconem
2340 3035 2510 3096 trajecit
