2806 3581
1398 161 1559 228 104

332 310 412 356 bili
439 318 688 370 movemur,
715 311 1162 372 dicteriisparcsrett
1197 311 1256 357 ab
1284 312 1410 359 initio
1437 311 1672 375 victoriam-
1692 310 1932 372 desperans
1961 311 2146 371 prinam
2175 312 2332 371 coepit:
2346 312 2530 358 suadere

330 407 499 453 paoem,
540 393 669 454 cujus
710 392 857 442 tua-st
890 407 1072 453 semper
1115 399 1281 450 auctor,
1322 392 1485 439 deinde
1520 408 1654 452 quum
1690 393 1752 439 ab
1780 404 1845 438 vea
1884 392 2530 453 sentential’ompejiisvdde

330 471 605 532 abhorrent,
633 471 823 520 suadere
860 473 1059 532 institnit,
1096 474 1158 519 nt‘
1181 471 1344 518 bellum
1381 473 1572 519 duceret.
1617 473 1748 518 ·Eam
1784 473 2046 518 sententiani
2085 480 2134 518 et
2148 474 2263 533 ›ipse
2298 472 2531 535 Pompojtss

315 552 608 614 ..opinatus
636 567 734 597 esse
761 552 952 599 videtur.
1008 552 1123 598 Nam
1149 568 1284 613 quum
1313 551 1480 600 Caesar
1506 553 1628 598 finito
1657 552 1938 613 Hispaniensi
1975 552 2089 598 bello
2125 552 2268 613 pridie
2305 553 2418 598 Non.
2455 554 2531 600 Ja-

327 634 506 678 nnarias
537 634 597 690 (a.
626 649 670 678 ιι.
701 634 788 680 706
818 633 871 678 C.
901 634 1020 679 Julio
1049 633 1241 679 Caesare
1269 633 1342 690 IL,
1373 634 1420 678 P.
1451 632 1636 678 Servilio
1666 633 1799 677 Vatia
1824 634 1958 688 cosa.)
1987 634 2034 677 in
2059 633 2242 692 Epirum
2270 635 2531 693 ιιτῇοοὶιοοι.

335 714 571 774 Pompejus
600 713 769 774 proelio
798 714 1025 760 decertare
1051 713 1203 771 noluit,
1229 712 1310 758 sed
1339 713 1657 759 obsessionem
1665 720 1711 758 et
1726 711 2165 758 mmmvsnstionem
2185 713 2531 774 Dyrrhachium

329 809 487 855 passus
517 800 598 840 est.
658 793 916 840 Ciceronem
943 794 1028 839 hoc
1055 801 1252 854 tempore
1281 793 1524 840 sollicitudo
1550 795 1684 839 animi
1713 793 1984 851 conficiebat,
2013 809 2072 838 ex
2090 809 2179 854 qua
2206 796 2336 840 etiam
2366 811 2532 841 summa

325 874 526 935 corporis
554 875 785 921 infirmitas
812 883 911 921 orta
938 882 1018 933 est,
1046 875 1110 920 ita
1138 884 1187 920 ut
1203 875 1459 936 Pompejum
1479 876 1591 920 miro
1618 862 1819 921 fortunae
1845 874 1996 921 favore
2022 874 2274 920 obsessione
2302 874 2531 922 liberatum

330 963 377 1002 et
402 957 450 1001 in
478 955 751 1002 Thessaliam
781 955 1077 1002 discedentem
1108 956 1304 1001 comitari
1331 971 1419 1001 non
1448 963 1610 1016 posset,
1640 955 1718 1000 sed
1747 955 1996 1001 valetudine
2034 955 2238 1001 Ιιῑιοιιιιιο
2268 955 2531 1015 Dyrrhachii

329 1051 561 1082 remanere
590 1043 833 1097 cogeretur.
893 1035 1006 1081 Cum
1035 1050 1089 1080 eo
1118 1043 1292 1096 praeter
1320 1035 1428 1080 alios
1456 1035 1568 1080 Cato
1596 1043 1704 1091 erat,
1741 1050 1870 1095 quem
1899 1037 2131 1096 Pompejus
2159 1050 2256 1081 οιιιιι
2286 1036 2532 1096 quindecim

336 1116 603 1175 cohortibus,
641 1124 691 1162 nt
717 1116 1038 1176 impedimentis
1074 1116 1293 1176 praesidio
1331 1124 1458 1174 esset,
1492 1115 1559 1160 ibi
1596 1116 1844 1175 reliquerat.
1901 1116 2120 1176 Sperabat
2156 1117 2331 1177 quidem
2362 1117 2530 1174 Cicero,

335 1213 392 1243 se
414 1197 560 1245 levata
579 1199 774 1258 corporis
792 1197 1043 1242 infirmitate
1062 1212 1160 1241 cum
1180 1211 1247 1253 eo,
1267 1198 1342 1256 qui
1362 1197 1581 1256 negotium
1601 1204 1788 1255 gereret,
1808 1211 1905 1241 esse
1924 1197 2128 1243 futurum.
2187 1198 2274 1243 Sed
2303 1200 2530 1258 quominus

326 1277 376 1324 id
406 1285 737 1338 exsequeretur,
768 1293 918 1338 pugna
956 1277 1207 1324 Pharsalica
1237 1278 1332 1338 jam
1371 1276 1515 1322 media
1552 1284 1719 1323 aestate
1760 1279 1854 1338 ejus
1893 1279 1995 1323 anni
2033 1280 2264 1324 commissa
2299 1279 2531 1340 impeditus

327 1366 406 1404 est.
466 1359 541 1404 Ad
570 1373 669 1404 eam
696 1358 932 1404 ineundam
952 1358 1199 1418 Pompeius,
1228 1359 1303 1417 qui
1333 1365 1443 1402 teste
1471 1358 1673 1417 Appiano
1701 1357 2037 1424 prudentissimo
2067 1359 2248 1404 consilio
2279 1360 2532 1406 decreverat

331 1437 494 1484 bellum
524 1438 778 1498 protrahere
807 1445 852 1483 et
877 1438 1049 1483 hostem
1077 1438 1192 1482 fame
1225 1440 1492 1498 exagitatum
1519 1439 1566 1482 in
1595 1438 1725 1482 aliam
1752 1438 1910 1483 famem
1939 1439 2130 1496 trudere,
2169 1440 2330 1485 invitus
2360 1441 2530 1485 fervore

330 1521 570 1564 amicornm
608 1519 930 1564 inconsiderato
968 1527 1132 1563 tractus
1170 1525 1248 1563 est.
1306 1519 1417 1563 Nam
1447 1526 1542 1563 erat
1569 1520 1685 1564 cirea
1712 1533 1811 1563 eum
1838 1534 2021 1579 magnus
2049 1535 2254 1566 numerus
2286 1529 2531 1566 senatorum

325 1600 540 1659 dignitate
568 1601 753 1659 parium,
783 1606 830 1643 et
856 1600 1051 1658 equitum
1079 1600 1375 1645 Romanorum
1417 1599 1709 1644 nobilissimus
1747 1601 1942 1659 quisque,
1980 1608 2209 1658 praeterea
2245 1615 2372 1658 reges
2411 1601 2532 1645 multi

327 1687 373 1725 et
400 1680 627 1740 dynastae.
698 1680 759 1724 Hi
799 1694 950 1724 omnes
988 1687 1078 1724 tum
1117 1680 1337 1738 imperitia
1374 1682 1437 1724 rei
1476 1680 1685 1737 militaris,
1723 1686 1814 1725 tum
1854 1695 1987 1739 supra
2023 1679 2197 1725 modum
2229 1680 2532 1740 Dyrrhachina

325 1761 510 1806 victoria
554 1760 670 1817 elati,
715 1760 893 1820 quidam
922 1760 1037 1817 freti,
1065 1775 1153 1819 qua
1197 1759 1490 1819 praestabant,
1534 1759 1828 1818 multitudine,
1865 1760 2055 1805 nonnulli
2100 1762 2229 1806 etiam
2272 1761 2384 1805 bello
2428 1762 2531 1806 fessi

323 1843 628 1900 imperatorem
657 1840 901 1885 incitabant
919 1848 1051 1900 atque
1071 1855 1128 1885 ne
1147 1840 1493 1885 cavillationibus
1514 1841 1689 1900 quidem
1712 1841 2003 1901 dicteriisque,
2030 1848 2078 1886 ut
2107 1856 2206 1886 eum
2227 1842 2528 1902 propellerent,

323 1929 628 1982 pepercerunt.
688 1923 757 1967 lta
786 1922 1031 1982 Pompejus,
1062 1930 1107 1966 et
1137 1937 1165 1966 a
1194 1937 1278 1966 suo
1299 1923 1520 1981 proposito
1541 1930 1586 1967 et
1604 1937 1634 1967 a
1652 1922 1831 1966 consilio
1852 1921 2076 1967 Ciceronis
2098 1922 2299 1979 dimotus,
2321 1923 2530 1982 proelium

326 2002 625 2048 Pharsalicum
654 2003 879 2060 commisit,
909 2003 1034 2063 cujus
1063 2017 1194 2062 quam
1223 2001 1368 2047 fatalis
1398 2002 1526 2048 fuerit
1554 2003 1712 2060 exitus,
1740 2018 1868 2048 nemo
1897 2011 1977 2060 est,
2006 2004 2080 2062 qui
2109 2004 2295 2063 ignoret.

498 2083 737 2128 Victoriam
768 2082 973 2128 Caesaris
1002 2082 1159 2128 Cicero
1190 2082 1273 2128 sibi
1303 2082 1406 2127 belli
1433 2082 1564 2127 finem
1592 2083 1707 2140 fecit,
1736 2098 1996 2144 persuasum
2017 2085 2132 2129 enim
2162 2083 2366 2141 habebat,
2396 2099 2529 2144 quum

329 2165 493 2224 integri
529 2179 662 2224 pares
702 2179 792 2209 non
830 2164 1026 2221 fuissent,
1063 2164 1225 2208 fractos
1264 2165 1525 2223 supioriores
1566 2178 1651 2209 non
1690 2165 1872 2210 futuros.
1930 2166 2082 2224 Itaque
2120 2180 2253 2224 quum
2291 2164 2416 2222 Cato,
2455 2166 2529 2225 qui

324 2246 477 2306 copias
504 2260 688 2305 magnae
717 2244 989 2304 classemque
1019 2259 1222 2304 magnam
1252 2244 1512 2304 Dyrrhachii
1542 2244 1748 2302 habebat,
1772 2245 1826 2289 ad
1860 2260 1972 2302 eum,
1999 2253 2049 2290 ut
2076 2246 2150 2304 qui
2180 2245 2390 2304 dignitate
2429 2260 2527 2290 con-

324 2325 457 2371 sulari
485 2325 777 2381 antecederet,
797 2327 1028 2385 imperium
1058 2325 1269 2382 deferret3
1298 2326 1528 2383 recusavit,
1548 2326 1688 2370 minas
1710 2326 1907 2386 Pompeji
1925 2326 2001 2370 filii
2020 2332 2290 2385 aspernatus,
2317 2326 2527 2371 militiam-

329 2422 415 2467 que
443 2406 768 2466 subterfugiens
796 2408 975 2452 ineunte
1006 2414 1238 2452 auctumno
1268 2407 1314 2450 in
1336 2406 1500 2451 Italiam
1520 2408 1703 2463 transiit,
1724 2415 1772 2452 ut
1798 2407 2032 2452 Brundusii
2061 2406 2265 2452 Caesaris
2294 2407 2528 2452 adventum

327 2495 618 2549 exspectaret.

322 2606 372 2657 4.
406 2607 485 2657 De
521 2605 772 2656 cicerone
814 2607 911 2656 sub
950 2605 1190 2656 Caesaris
1226 2607 1494 2657 dominatu
1530 2606 1588 2655 in
1620 2605 1894 2656 literarum
1939 2607 2128 2682 studiis
2163 2606 2524 2656 delitescente.

695 2704 786 2744 Inde
808 2705 857 2743 ab
880 2705 1026 2744 ineunte
1048 2706 1243 2744 auctumno
1266 2716 1300 2743 a.
1322 2716 1358 2743 ιι.
1381 2705 1448 2743 ’106
1470 2715 1584 2754 usque
1605 2705 1653 2743 ad
1674 2705 1764 2743 Idus
1786 2705 1937 2743 Martias
1960 2716 1993 2743 a.
2017 2717 2052 2744 u.
2076 2706 2153 2743 710.
2179 2744 2183 2748 .

493 2810 736 2856 Brundusii
757 2809 914 2855 Cicero
935 2810 1111 2868 diutius,
1132 2824 1262 2870 quam
1284 2815 1633 2869 exspectaverat,
1648 2811 1906 2856 commorari
1925 2810 2174 2870 cogebatur.
2228 2810 2393 2856 Caesar
2411 2810 2527 2854 enim

321 2891 577 2953 Pompejum
602 2891 650 2936 in
678 2890 929 2951 Aegyptum
965 2891 1206 2953 fugientem
1246 2898 1418 2936 secutus
1447 2891 1735 2937 Alexandrini
1773 2898 1819 2937 et
1859 2891 2112 2938 Pharnacici
2151 2890 2253 2937 belli
2287 2906 2412 2937 mora
2459 2899 2527 2937 est

320 2979 532 3019 retenm
588 2971 684 3017 Nec
710 2971 892 3017 multum
920 2972 1075 3030 abfuit,
1102 2974 1210 3033 qnin
1238 2979 1427 3017 exeunte
1457 2987 1572 3017 anno
1612 2987 1671 3017 ex
1708 2972 1878 3033 refugio
1917 2988 1996 3019 suo
2026 2973 2187 3019 Cicero
2222 2973 2522 3033 depelleretur.

319 3053 443 3100 Misit
471 3054 586 3099 enim
613 3052 675 3099 ad
703 3068 804 3099 eum
832 3053 1050 3100 Antonius
1079 3053 1325 3113 exemplum
1357 3052 1560 3098 Caesaris
1599 3054 1657 3099 ad
1696 3068 1744 3098 se
1783 3053 2018 3113 literarum,
2057 3055 2103 3100 in
2143 3054 2317 3114 quibus,
2355 3068 2411 3098 ne
2450 3054 2524 3114 qni
