2806 3581
1365 184 1400 234 5

1269 252 1436 263 xsxamxsxsx,=
1451 253 1457 257 *
1469 255 1473 259 ι
1495 252 1515 262 Α

275 333 392 379 haud
421 333 696 379 mediocriter
732 327 890 380 movit}
939 333 1133 394 Magnas
1167 333 1284 378 enim
1314 333 1493 378 Caesari
1523 333 1731 393 pecunias
1769 332 1960 377 debebat
2001 344 2046 376 et
2073 334 2240 377 ἆωπον
2268 335 2308 377 ei
2336 334 2479 378 visum

277 421 344 458 est
372 412 807 472 ἄνπτωλπὴυορένου
834 415 1140 473 χρεοφειλέτην
1168 405 1294 458 εἶναι.
1354 414 1556 472 Rogabat
1582 415 1716 472 igitur
1743 415 1918 469 amicos,
1954 421 2003 457 ut
2030 428 2144 472 qnae
2173 415 2266 472 ipse
2298 413 2478 458 Caesari

277 493 459 539 deberet
477 494 734 554 HSviginti
763 489 808 538 et
827 495 1049 552 octoginta
1078 494 1288 539 solvenda
1307 502 1519 550 curarent,
1549 494 1629 538 sed
1649 494 1813 537 frustra
1843 495 1886 537 in
1908 509 1963 538 ea
1981 509 2028 537 re
2048 494 2270 538 laborasse
2289 494 2477 538 videtur.

277 575 348 619 De
377 575 645 635 reipublicae
672 583 787 620 statu
816 575 923 635 quid
951 576 1044 634 ipse
1066 574 1344 635 judicaverit,
1375 589 1431 617 ex
1452 575 1594 618 literis
1624 576 1718 634 ejus
1747 576 1850 618 satis
1879 583 2010 633 patet.
2073 574 2222 621 Nullas
2252 575 2365 618 enim
2395 574 2477 618 hoc

276 663 475 716 tempore
505 637 638 713 dedit,
668 657 773 715 quin
802 657 978 700 summis
1007 656 1258 715 Pompejum
1287 655 1484 699 laudibes
1514 643 1700 708 ornaret,
1731 655 1835 700 illud
1868 672 1995 700 unum
2026 670 2333 714 nonnunquam
2362 656 2473 700 vitu·

283 750 457 795 perans,
486 736 603 795 quod
632 738 841 795 majorem
862 735 1043 780 Caesari
1071 737 1159 779 vim
1189 736 1484 781 concessisset.
1536 736 1793 781 Cavendum
1823 746 1966 781 tamen
1988 737 2188 780 omnibus
2209 736 2350 780 modis
2379 751 2475 780 cen—

277 816 413 870 sebat,
441 832 497 859 ne
525 818 618 860 istis
648 832 706 860 ex
734 817 1018 861 simultatibus
1048 816 1174 860 civile
1201 818 1445 866 exoriretur
1475 819 1645 873 bellum,
1678 833 1763 875 quo
1787 817 2021 862 Caesarem
2050 817 2176 862 facile
2206 817 2474 875 superiorem

277 896 370 939 fore
385 890 601 954 cognovit,
619 895 836 939 meliorem
852 910 1026 939 causam
1044 895 1304 939 defendente
1318 897 1531 956 Pompej0.
1562 898 1662 952 Qua
1675 898 1944 959 potissimum
1952 896 2215 955 reipublicae
2227 896 2476 940 conditione

277 976 438 1020 factum
457 970 537 1033 est,
559 984 607 1021 ut
625 977 883 1021 Ciceronem
902 977 1178 1035 provincialis
1198 978 1326 1021 oflicii
1346 978 1553 1035 taederet,
1574 994 1707 1037 quum
1721 994 1819 1022 eam
1837 993 2030 1040 operam,
2047 989 2181 1034 quam
2195 978 2240 1021 in
2255 978 2354 1036 ipsa
2369 975 2476 1020 urbe

277 1055 544 1115 reipublicae
582 1071 628 1100 se
657 1063 881 1115 praestare
901 1071 1029 1115 posse
1060 1056 1308 1113 confideret,
1338 1057 1470 1101 multo
1499 1058 1635 1117 pluris
1665 1059 1840 1102 taceret.
1892 1058 1992 1102 Huc
2020 1059 2215 1113 accessit,
2246 1057 2362 1115 quod
2391 1058 2475 1116 ipsi

279 1135 390 1179 duae
421 1142 585 1180 tantum
615 1135 808 1195 legiones
839 1143 882 1179 et
910 1151 988 1180 eae
1018 1152 1072 1180 ne
1101 1138 1298 1195 integrae
1328 1137 1500 1195 quidem
1520 1146 1695 1196 praesto
1726 1146 1861 1194 erant,
1892 1153 2023 1196 quum
2045 1137 2301 1180 Parthorum
2322 1139 2473 1196 copiae

277 1218 494 1260 maximae
524 1232 581 1260 ex
611 1218 793 1261 victoria
821 1217 876 1261 de
908 1216 1068 1261 Crasso
1097 1216 1235 1261 relata
1254 1215 1551 1276 superbientes
1583 1219 1763 1263 Ciliciae
1792 1221 2073 1262 minarentur.
2133 1217 2394 1261 Laodiceam
2425 1219 2470 1260 in

277 1299 547 1357 provinciam
576 1297 734 1341 Cicero
763 1297 907 1356 pridie
936 1298 1159 1342 Calendas
1187 1299 1373 1342 Sextiles
1413 1301 1626 1357 pervenit.
1686 1301 1837 1357 Neque
1867 1307 1992 1342 erant
2022 1298 2362 1342 contemnendae
2391 1314 2474 1354 res,

281 1394 388 1437 quas
417 1380 462 1422 in
493 1394 545 1422 ea
572 1380 721 1436 gessit.
772 1377 1034 1437 Compositis
1064 1380 1176 1422 enim
1208 1394 1304 1423 cum
1335 1394 1502 1423 summa
1523 1380 1718 1439 justitiae
1749 1387 1792 1423 et
1811 1379 2122 1423 moderationis
2152 1378 2279 1422 laude
2299 1378 2470 1423 urbium

279 1459 449 1503 illarum
480 1459 827 1503 contentionibus
856 1459 1134 1518 liberatisque
1155 1459 1493 1518 provincialibus
1522 1460 1788 1519 gravissimis
1819 1462 1958 1505 usuris
1987 1460 2185 1519 falsoque
2204 1474 2306 1503 aere
2334 1459 2473 1504 alieno

280 1541 515 1585 exercitum
532 1541 589 1601 'in
619 1548 772 1598 castra,
803 1555 914 1600 quae
946 1555 1080 1600 prope
1114 1541 1302 1585 leonium
1333 1541 1533 1585 facienda
1566 1550 1812 1599 curaverat,
1852 1543 2008 1600 coegit.
2069 1541 2135 1584 lbi
2165 1556 2296 1600 quum
2326 1555 2473 1584 versa-

279 1630 410 1678 retur,
442 1621 625 1666 Parthos
654 1622 698 1665 in
720 1622 891 1681 Syriam
922 1623 1126 1681 irrupisse
1156 1624 1398 1682 nuntiatum
1429 1632 1505 1667 est.
1553 1623 1748 1679 Quorum
1777 1624 1983 1681 impetum
2013 1631 2061 1667 ut
2089 1638 2116 1666 a
2136 1624 2361 1682 provincia
2390 1636 2469 1666 sua

278 1711 534 1759 removeret,
564 1702 674 1746 illico
705 1704 851 1746 accitis
884 1704 1079 1762 Dejotari
1109 1705 1224 1762 regis
1255 1704 1460 1748 militibus
1492 1704 1699 1763 Cybistra
1728 1705 1945 1762 profectus
1975 1713 2041 1748 est
2071 1704 2231 1762 ibique,
2265 1712 2311 1746 ut
2340 1703 2473 1746 saltus

280 1792 484 1847 tueretur,
515 1792 658 1828 castra
680 1785 923 1827 firmissima
952 1800 1112 1842 ponere
1134 1787 1303 1843 incepit.
1354 1785 1453 1840 Qua
1481 1787 1523 1827 in
1545 1770 1742 1843 re'quum
1765 1786 1857 1828 dies
1878 1787 2067 1843 quinque
2090 1793 2322 1842 occupatus
2343 1793 2471 1839 esset,

281 1865 437 1907 certior
467 1872 533 1907 est
561 1864 712 1920 faetus,
745 1865 924 1908 Parthos
955 1865 1011 1907 ab
1042 1865 1111 1906 illo
1142 1864 1258 1908 aditu
1282 1865 1587 1923 Cappadociae
1619 1865 1745 1922 longe
1777 1865 1931 1908 abesse
1962 1865 2140 1908 Ciliciae
2171 1865 2307 1921 magis
2338 1865 2473 1905 immi·

280 1960 399 1988 nere.
448 1946 598 2002 ltaque
629 1945 852 1988 confestim
889 1946 972 1988 iter
1000 1946 1043 1987 in
1076 1944 1271 1988 Ciliciam
1302 1945 1405 1988 fecit
1434 1960 1511 2003 per
1542 1946 1675 1988 Tauri
1696 1945 1835 2003 pylas.
1895 1945 2078 1987 Tarsum
2109 1946 2228 1987 venit
2258 1960 2293 1987 a.
2329 1945 2368 1988 d.
2401 1945 2477 1988 111.

280 2026 389 2068 Non.
432 2025 528 2070 Oct.
599 2025 705 2069 lnde
748 2026 803 2068 ad
844 2025 1057 2068 Amanum
1098 2025 1332 2081 contendit,
1374 2027 1447 2084 qui
1485 2026 1655 2084 Syriam
1705 2041 1731 2069 a
1770 2025 1923 2069 Cilicia
1962 2025 2198 2068 dividebat.
2261 2024 2306 2068 ln
2347 2039 2475 2083 quem

284 2114 475 2149 montem
504 2106 689 2150 hostium
721 2106 1021 2149 dominationis
1056 2105 1278 2148 Romanae
1307 2106 1597 2164 plenissimum
1638 2122 1666 2150 a
1707 2107 1748 2149 d.
1783 2107 1861 2151 111.
1895 2106 1956 2150 ld.
1988 2107 2085 2149 Oct.
2127 2108 2333 2164 impetum
2357 2106 2477 2160 fecit,

280 2195 322 2230 et
352 2200 509 2246 magno
538 2187 726 2230 hostium
756 2201 933 2230 numero
965 2187 1105 2230 occiso
1130 2187 1307 2230 castella
1335 2196 1633 2230 montanorum
1654 2189 1938 2231 munitissima
1967 2187 2054 2230 alia
2083 2187 2286 2243 incendit,
2317 2185 2401 2229 alia
2431 2187 2474 2228 vi

280 2268 559 2326 expugnavit.
605 2268 701 2322 Quo
731 2267 844 2310 facto
875 2282 902 2309 a
931 2266 1134 2310 militibus
1166 2265 1406 2325 Imperator
1434 2277 1499 2311 est
1526 2268 1778 2326 appellatus.
1830 2268 1919 2311 Sed
1938 2267 2155 2325 pulchrior
2173 2269 2314 2321 etiam,
2344 2281 2471 2324 qnam

280 2364 395 2393 vana
423 2348 534 2393 illius
563 2348 747 2391 nominis
786 2347 980 2406 gloriola,
1017 2355 1110 2390 erat
1138 2347 1316 2404 fruetus,
1353 2349 1427 2406 qui
1469 2363 1525 2392 ex
1554 2363 1608 2392 ea
1635 2350 1816 2393 victoria
1845 2348 2006 2392 relatus
2049 2356 2129 2392 est.
2190 2349 2329 2391 Aucto
2359 2348 2472 2389 enim

278 2431 472 2473 Romano
509 2430 680 2472 nomine
722 2410 897 2482 Osaces,
937 2427 1191 2471 Parthorum
1231 2428 1338 2483 dux,
1367 2429 1523 2487 pedem
1553 2429 1698 2472 retulit
1734 2444 1870 2487 eaque
1900 2444 1947 2471 re
1978 2428 2145 2483 Cassio,
2186 2429 2258 2485 qui
2298 2428 2471 2484 Syriam

278 2509 516 2561 obtinebat,
549 2509 910 2567 opportunitatem
951 2509 1013 2550 rei
1043 2508 1155 2551 bene
1184 2508 1405 2565 gerendae
1445 2509 1578 2553 dedit.
1637 2509 1735 2563 Qua
1764 2510 1945 2552 victoria
1975 2502 2160 2551 Parthici
2191 2507 2289 2551 belli
2318 2509 2471 2551 timore

277 2590 485 2634 liberatus
517 2589 671 2634 Cicero
692 2588 1006 2644 Pindenissum,
1037 2588 1151 2646 quod
1174 2588 1382 2647 oppidum
1403 2591 1731 2634 munitissimum
1751 2588 2152 2633 Eleutherocilicum
2174 2596 2279 2643 erat,
2309 2587 2472 2630 invasit

278 2679 321 2716 et
349 2679 448 2730 post
477 2671 844 2730 oppugnationem
875 2669 1162 2728 quadraginta
1192 2677 1356 2727 septem
1388 2670 1552 2714 dierum
1584 2672 1712 2730 cepit.

448 2752 535 2797 Res
563 2767 590 2796 a
620 2767 667 2796 se
696 2760 843 2810 gestas
865 2750 1020 2795 Cicero
1050 2749 1363 2808 posterioribus
1391 2751 1657 2811 temporibus
1688 2766 1742 2794 ne
1772 2752 1864 2810 ipse
1885 2749 2058 2808 quidem
2089 2749 2149 2792 ita
2178 2749 2328 2807 magni
2356 2748 2471 2805 fecit,

276 2832 380 2877 illud
411 2847 542 2890 unum
573 2832 657 2876 sibi
687 2831 926 2887 vindicans,
958 2830 1074 2890 quod
1103 2831 1297 2875 exercitu
1326 2831 1542 2876 imbecillo
1572 2839 1721 2875 contra
1748 2839 1906 2874 metum
1935 2830 2112 2872 maximi
2147 2828 2251 2873 belli
2281 2829 2470 2873 firmissi-

276 2928 393 2956 mum
431 2912 652 2957 habuisset
680 2912 943 2972 praesidium
972 2912 1235 2970 aequitatem
1275 2917 1406 2970 atque
1436 2913 1752 2955 continentiam.
1811 2910 1919 2954 mad
1953 2911 2068 2953 enim
2102 2925 2158 2953 ne
2190 2910 2351 2953 inimici
2381 2911 2471 2968 qui-

277 2992 375 3037 dem
405 3008 567 3053 negare
598 2993 691 3037 ansi
721 2999 832 3049 sunt,
862 2991 1131 3052 provinciam
1158 2990 1214 3034 a'b
1242 3005 1303 3045 ,eo
1326 2992 1497 3050 integre
1525 3004 1771 3049 summaque
1801 3005 1897 3033 cum
1927 2990 2057 3035 laude
2080 3005 2180 3034 esse
2199 2991 2470 3034 administra-

275 3080 378 3118 tam.
438 3072 721 3119 Provincialis
749 3074 866 3118 vitae
896 3087 1026 3132 quum
1059 3087 1156 3116 eum
1185 3072 1384 3134 pigeret,
1409 3073 1561 3116 iterum
1592 3079 1719 3129 atque
1747 3070 1902 3115 iterum
1943 3070 2001 3114 ab
2031 3071 2180 3114 amicis
2210 3071 2374 3129 petivit,
2411 3084 2467 3112 ne
