2806 3581
1354 177 1421 228 -14

1250 247 1304 257 xlx(

285 327 575 386 praedivitem
603 327 806 387 puellam,
839 326 1077 372 amicorum
1107 326 1286 370 consilio
1313 334 1469 384 motus,
1501 333 1676 386 praeter
1712 334 1899 372 aetatem
1939 343 2121 373 uxorem
2161 329 2298 374 duxit.
2324 359 2328 364 -
2356 329 2487 385 Qui

285 409 604 453 matrimonium
633 406 777 466 paullo
813 413 927 466 post,
964 421 1095 465 quam
1137 414 1233 451 erat
1265 408 1434 464 initum,
1471 422 1500 452 a
1536 407 1751 452 Cicerone
1789 407 2046 454 dissei-um
2084 417 2160 453 est.
2229 409 2325 453 Nec
2360 410 2488 454 nimis

284 502 542 547 prosperum
564 489 658 546 jam
688 502 718 532 a
745 488 886 546 primo
913 487 1096 534 exordio
1126 487 1300 531 videtur
1327 488 1483 545 fuisse3
1517 503 1618 532 nam
1647 489 1786 532 amieo
1801 509 1803 516 ·
1821 488 1878 536 de
1902 488 2033 532 novis
2061 489 2224 547 nuptiis
2252 489 2488 548 gratulanti

282 568 392 614 nihil
419 568 566 626 habet,
596 567 716 628 quod
745 568 1020 629 respondeat,
1050 569 1133 612 nisi
1161 574 1251 613 tam
1279 569 1439 613 misero
1468 575 1663 630 tempore
1701 583 1750 614 se
1778 569 1886 614 nihil
1914 570 2020 614 novi
2057 570 2223 615 consiiii
2262 578 2486 630 capturum

283 651 432 705 tuisse,
459 651 544 694 nisi
583 651 630 693 in
667 650 813 695 reditu
850 650 984 694 nihilo
1022 649 1223 693 meliores
1260 665 1332 693 res
1371 651 1644 704 domesticas,
1684 665 1814 708 qnam
1851 651 2177 709 rempublicam,
2217 652 2482 696 offendisset.

285 728 376 777 Sed
406 728 526 787 quod
555 735 645 773 tam
675 729 762 774 cito
780 729 963 774 societas
983 729 1090 773 inita
1109 728 1326 787 disjuncta
1343 737 1423 785 est,
1450 729 1555 773 inde
1574 730 1814 788 profectum
1834 744 1931 774 esse
1951 730 2137 788 videtur,
2167 731 2487 790 quodmortem

283 809 399 855 filiae
432 809 661 854 Ciceronis
691 810 815 854 unice
845 816 1031 866 amatae,
1051 824 1164 868 quae
1184 824 1334 854 mense
1353 810 1512 854 Martio
1531 809 1667 854 filium
1689 812 1822 855 enixa
1841 810 1959 868 obiit,
1979 826 2066 855 non
2087 826 2153 869 eo,
2174 828 2259 870 quo
2281 812 2483 869 debebat,

282 891 427 935 animo
457 889 626 935 tulerat.
686 890 800 934 Nam
836 903 968 948 quum
1009 897 1135 948 pater
1173 880 1349 934 tristitia
1383 895 1561 949 prorsus
1599 890 1853 950 absumptus
1891 899 2020 948 esset,
2058 906 2176 936 nova
2214 900 2351 951 nupta
2388 893 2487 937 visa

282 978 378 1015 erat
406 971 579 1015 Tulliae
617 978 754 1015 morte
793 971 958 1015 laetari.
1027 970 1195 1014 Idcirco
1235 970 1492 1029 parentibus
1528 983 1624 1014 eam
1661 973 1839 1029 remisit,
1871 972 1974 1031 *ipse
2011 978 2156 1017 autem
2196 973 2255 1016 ad
2295 973 2486 1017 Atticum

282 1066 407 1094 suum
441 1051 648 1109 confugit,
680 1058 726 1094 ut
756 1051 894 1094 intimi
924 1051 1051 1094 amici
1089 1051 1315 1109 amplexus
1356 1051 1547 1094 dolorem
1583 1051 1819 1110 paullisper
1855 1052 2061 1096 levarent.
2122 1052 2231 1096 Inde
2269 1053 2486 1111 Asturam,

281 1131 357 1176 ubi
397 1131 532 1176 luctui
570 1131 838 1190 indulgeret,
876 1145 973 1175 sese
1003 1131 1197 1176 contulit.
1256 1131 1401 1186 Quum
1429 1146 1534 1175 vero
1554 1131 1774 1176 hominum
1797 1134 2046 1177 societatem
2072 1133 2256 1191 fugeret,
2275 1133 2485 1178 librorum

281 1211 415 1257 multo
446 1212 577 1257 etiam
607 1211 904 1256 vehementius
932 1212 1180 1271 appetebat.
1239 1212 1463 1270 Epistolae
1493 1213 1621 1268 enim,
1652 1215 1765 1270 q'uae
1785 1213 2038 1256 innumerae
2058 1213 2116 1257 ad
2137 1229 2236 1257 eum
2258 1213 2486 1270 dabantur,

282 1291 599 1337 consolatoriae
628 1291 734 1336 nihil
761 1293 846 1336 nisi
876 1291 1070 1336 dolorem
1099 1292 1333 1351 augebant.
1394 1292 1541 1348 Quare
1572 1308 1703 1351 quum
1736 1307 1879 1352 neque
1911 1293 2098 1352 publica,
2137 1309 2278 1353 neque
2317 1295 2488 1353 privata

281 1374 460 1431 negotia
488 1388 587 1417 eum
617 1374 680 1417 ita
707 1372 920 1416 haberent
947 1372 1198 1429 distentum,
1226 1384 1275 1417 ut
1294 1388 1322 1416 a
1341 1387 1536 1417 moerore
1565 1380 1743 1431 possent
1768 1388 1977 1429 avocare;
2011 1373 2070 1417 ad
2101 1376 2256 1430 omnia,
2284 1390 2399 1432 quae
2427 1375 2483 1418 de

281 1453 396 1497 luctu
428 1453 663 1498 minuendo
694 1453 941 1511 conscripta
969 1460 1106 1509 erant,
1137 1453 1327 1511 legenda
1354 1468 1402 1496 se
1431 1454 1634 1497 accinxit.
1693 1453 1829 1513 Cujus
1867 1453 2064 1498 lectionis
2104 1455 2288 1499 fructum
2327 1455 2485 1499 librum

281 1533 336 1578 de
367 1532 679 1578 Consolatione
707 1535 976 1594 inscriptum,
1008 1537 1052 1579 in
1083 1550 1168 1594 quo
1200 1534 1457 1579 Crantorem
1487 1536 1532 1578 in
1561 1535 1712 1593 primis
1741 1542 1914 1579 secutus
1943 1542 2050 1591 erat,
2092 1550 2171 1594 per
2210 1535 2401 1579 Atticum
2439 1536 2486 1579 in

279 1613 437 1672 vulgu's
466 1614 622 1658 emisit.
683 1614 823 1659 Nobis
853 1630 908 1659 ea
936 1615 1161 1660 Ciceronis
1190 1616 1495 1660 commentatio
1525 1631 1612 1659 non
1641 1622 1710 1659 est
1736 1622 1922 1671 servata,
1952 1630 2212 1674 quamquam
2234 1616 2485 1674 saepissime

280 1695 374 1753 ejus
403 1696 676 1752 grammatici
707 1689 873 1739 faciunt
900 1697 1174 1739 mentionem.
1236 1696 1309 1739 Ex
1339 1696 1491 1740 studiis
1520 1696 1651 1753 igitur
1680 1696 1813 1738 animi
1842 1694 2156 1739 relaxationem
2193 1697 2359 1754 petivit,
2401 1710 2486 1754 qua

278 1776 324 1818 in
353 1789 402 1818 re
433 1775 632 1831 eandem,
668 1790 798 1834 quam
839 1774 1151 1819 recentioribus
1189 1775 1454 1834 temporibus
1494 1790 1601 1834 prae
1630 1775 1786 1818 ceteris
1818 1774 2029 1820 Goethius
2068 1783 2227 1831 noster,
2268 1777 2383 1819 viam
2422 1776 2486 1819 in·

275 1871 451 1915 gressus
486 1864 566 1901 est.
635 1856 765 1912 Quod
795 1872 898 1901 num
933 1856 1089 1900 eodem
1116 1856 1271 1900 fecerit
1300 1863 1471 1913 eventu,
1501 1863 1580 1912 est,
1612 1855 1730 1914 quod
1759 1855 2023 1900 dubitemus.
2085 1856 2171 1899 Vix
2206 1856 2320 1899 enim
2362 1855 2482 1899 dixe·

280 1937 429 1993 rimus,
460 1951 560 1981 eum
589 1938 735 1981 animo
765 1939 1059 1992 concitatioris
1088 1938 1228 1981 luctus
1259 1937 1587 1981 sollicitudinem
1617 1938 1809 1996 ejecisse,
1841 1938 1927 1994 qui,
1962 1944 2009 1980 ut
2037 1937 2301 1995 sempiterna
2328 1935 2485 1980 filiolae

279 2025 395 2062 esset
421 2019 644 2096 memori*
675 2019 730 2063 de
764 2018 941 2063 fanodn
972 2019 1066 2078 ejus
1095 2017 1304 2062 honorem
1336 2017 1599 2062 exstruendo
1631 2032 1679 2061 se
1708 2018 1864 2061 misere
1894 2024 2153 2076 extorquere
2185 2033 2271 2060 non
2301 2017 2483 2061 desinat.

277 2099 423 2158 Atque
453 2108 599 2144 tamen
628 2099 734 2143 illud
764 2100 913 2144 fanum
941 2115 1030 2144 non
1058 2099 1235 2143 videtur
1264 2098 1481 2142 conditum
1522 2113 1632 2153 esse,
1673 2113 1804 2156 quum
1844 2099 1936 2157 ejus
1976 2097 2092 2155 apud
2134 2097 2296 2141 nullum
2339 2112 2480 2155 neque

278 2178 405 2235 illius,
434 2194 577 2238 neque
608 2180 830 2238 sequentis
860 2181 960 2224 aevi
990 2181 1245 2239 scriptorem
1287 2178 1375 2223 ulla
1412 2179 1657 2223 inveniatur
1694 2179 1866 2221 mentio.
1936 2177 2107 2221 Eodum
2147 2185 2357 2236 tempore,
2394 2192 2481 2236 quo

279 2259 436 2305 Cicero
465 2262 540 2316 ita,
571 2267 619 2304 ut
648 2261 779 2305 modo
810 2261 1011 2317 diximus,
1041 2261 1174 2304 luctui
1203 2275 1250 2303 se
1280 2258 1413 2303 dabat
1441 2267 1485 2303 et
1504 2257 1561 2303 ab
1592 2260 1710 2303 omni
1728 2260 1904 2317 negot-io
1925 2258 2098 2316 publico
2127 2258 2296 2309 aberat,
2318 2258 2483 2302 Caesar

276 2342 437 2386 bellum
467 2342 761 2400 Hispaniense
801 2349 952 2386 contra
989 2342 1100 2385 filios
1130 2341 1326 2399 Pompeji
1354 2347 1597 2398 susceptum
1626 2339 1684 2383 ad
1722 2338 1853 2381 finem
1883 2338 2162 2397 perduxerat.
2230 2339 2329 2382 Jam
2361 2338 2480 2382 Cice-

274 2422 602 2466 ronisvivendi
630 2423 743 2467 ratio
773 2423 819 2466 in
850 2423 995 2466 varias
1026 2421 1245 2465 hominum
1275 2420 1630 2480 reprehensiones
1659 2419 1885 2464 inciderat.
1955 2419 2043 2463 Alii
2084 2420 2199 2463 enim
2237 2420 2354 2478 iique
2392 2434 2480 2463 non

275 2504 578 2550 centemnendi
606 2504 692 2548 viri
721 2505 861 2562 ipsam
895 2518 992 2547 eam
1022 2502 1298 2558 desidiosam,
1327 2516 1454 2559 quam
1495 2501 1711 2557 dicebant,
1750 2502 1887 2544 vitam
1926 2500 2244 2559 vituperabant,
2283 2500 2369 2556 alii,
2407 2501 2480 2558 qui

275 2587 401 2645 plura
430 2601 478 2629 se
508 2584 673 2629 vidisse
701 2584 1006 2644 gloriarentur,
1028 2583 1254 2627 Ciceronis
1283 2583 1328 2624 in
1349 2581 1583 2626 Caesarem
1613 2582 1880 2626 voluntatem
1901 2579 2198 2638 exagitabant,
2219 2580 2479 2632 dictitantes,

276 2682 363 2710 non
404 2666 520 2710 filiae
560 2674 701 2709 morte
738 2673 906 2711 tantum
946 2666 987 2708 ei
1027 2665 1220 2708 dolorem
1264 2663 1470 2706 inflictum
1514 2679 1625 2719 esse,
1671 2662 1749 2706 sed
1795 2662 1987 2704 victoriis
2031 2661 2322 2716 Caesarianis,
2366 2676 2478 2719 quae

276 2746 532 2802 effecissent,
561 2754 610 2790 ut
630 2746 725 2805 jam
754 2744 974 2789 hominum
1005 2745 1210 2803 vitaeque
1240 2742 1431 2787 urbanae
1462 2758 1559 2787 eum
1590 2743 1799 2789 taederet.
1862 2742 1991 2796 Quod
2011 2749 2108 2786 utut
2127 2749 2233 2798 erat,
2257 2741 2477 2785 hominum

275 2842 499 2872 semones
528 2826 786 2871 Ciceronem
815 2841 903 2870 non
932 2825 1268 2884 impediverunt,
1298 2825 1525 2882 quominus
1559 2832 1724 2869 tantam
1749 2824 1888 2868 libris
1926 2822 2168 2868 scribendis
2207 2822 2479 2881 impenderet

274 2922 466 2967 operam,
496 2914 544 2951 ut
581 2906 911 2963 obtrectatores,
951 2912 1161 2965 quantum
1203 2903 1262 2949 ab
1300 2905 1395 2962 ipso
1435 2904 1720 2961 scribebatur,
1766 2906 1846 2950 vix
1889 2910 2054 2948 tantum
2099 2910 2280 2962 possent
2319 2903 2476 2960 legere.

272 2986 524 3034 Incredibili
552 2988 668 3032 enim
697 2986 919 3032 celeritate
946 2985 1047 3032 libri
1075 3001 1104 3031 a
1132 2984 1346 3031 Cicerone
1374 2984 1456 3031 hoc
1485 2992 1679 3046 tempore
1708 2985 1857 3046 scripti
1886 2998 1983 3031 sese
2016 2982 2306 3044 excipiebant.
2365 2982 2477 3027 Nam

273 3086 407 3129 quum
435 3068 707 3126 adolescens,
737 3076 785 3113 ut
813 3068 988 3113 dicendi
1020 3067 1268 3112 facultatem
1297 3074 1491 3125 augeret,
1523 3067 1701 3111 multum
1722 3067 1929 3126 temporis
1948 3064 2300 3125 philosophorum
2323 3062 2475 3108 studiis
