2806 3581
1332 167 1397 219 11

268 325 419 366 mom
447 316 615 376 fierent,
636 317 868 379 juberetur
894 317 1128 378 prohibere
1156 332 1307 363 omnes
1326 317 1463 376 Italia,
1493 317 1578 362 nisi
1594 331 1778 377 quorum
1798 317 1964 363 Caesar
1983 332 2155 363 causam
2172 320 2463 379 cognovisset.

277 399 434 461 Itaque
447 399 889 459 Antoniuspeoebw
908 398 968 444 ab
995 414 1048 443 eo
1076 413 1158 459 per
1182 398 1344 456 literas,
1371 407 1420 444 ut
1444 399 1532 449 sibi
1552 400 1820 458 ignosceret3
1847 398 1993 443 faeere
2013 414 2062 443 se
2079 412 2165 443 non
2186 411 2327 458 posse,
2355 401 2462 460 quin

277 479 332 527 iis
353 480 500 525 iiten&
519 487 708 540 pai-eretz
764 478 923 525 Cicero
950 479 1010 524 ad
1037 494 1137 524 eum
1164 480 1361 525 Lamiam
1401 481 1529 537 misit,
1558 481 1645 540 qui
1684 477 2012 536 demonstraret,
2049 478 2166 524 illum
2206 479 2462 526 Dolabellae

279 561 460 617 dixisse;
482 567 537 605 ut
563 559 622 605 ad
650 574 845 605 socerum
875 558 1096 617 scriberet,
1124 566 1173 604 ut
1198 560 1243 604 in
1283 559 1448 604 Italiam
1487 572 1617 619 quam
1655 560 1838 618 primum
1878 559 2065 604 veniret:
2104 560 2197 619 ejus
2238 573 2286 605 se
2322 560 2463 606 literis

277 643 464 687 venisse.
524 641 637 686 Tum
668 641 882 685 Antonius
908 642 971 685 ita
997 640 1149 696 edixit,
1172 647 1219 684 ut
1248 639 1501 684 Ciceronem
1530 640 1752 698 exciperet
1780 647 1823 683 et
1850 638 2045 683 Laelium
2073 640 2337 685 nominatim.
2396 641 2466 686 lta

266 714 321 768 'ei
348 723 395 767 in
423 721 549 767 Italia
561 747 563 749 ·
574 720 828 766 remanendi
847 720 987 765 libera
1006 721 1137 764 venia
1154 719 1385 765 constituta
1403 728 1470 765 est
1482 722 1663 780 jamque
1682 719 1859 764 meliora
1878 719 1935 763 de
1962 734 2012 764 se
2031 734 2207 778 sperare
2225 721 2457 779 inceperat

278 817 410 862 quum
439 809 598 859 essent,
617 803 696 862 qui
724 800 905 846 Caesari
932 808 1133 847 auctores
1162 815 1211 844 se
1238 800 1402 845 futuros
1432 800 1734 859 pollicerentur
1761 815 1846 844 non
1876 800 1932 844 de
1949 802 2254 845 conservanda
2281 808 2459 859 tantum,

276 898 430 929 verum
467 884 596 928 etiam
639 882 695 928 de
731 882 934 942 augenda
968 881 1191 927 Ciceronis
1230 882 1496 927 auctoritate.
1561 882 1623 926 At
1664 896 1722 925 ne
1758 882 1883 926 nimis
1923 882 1998 927 diu
2036 883 2130 927 sine
2170 882 2457 928 sollicitudine

277 972 405 1021 esset,
433 964 608 1009 nuntius
638 964 680 1007 ei
707 962 861 1007 allatus
890 970 969 1019 est,
997 963 1166 1006 misisse
1186 961 1391 1017 Quintum
1420 962 1595 1007 fratrem
1625 961 1759 1006 filium
1787 963 1844 1006 ad
1876 961 2110 1008 Caesarem
2139 971 2188 1009 ut
2214 964 2280 1008 sui
2307 964 2457 1024 depre-

275 1042 418 1101 candi,
445 1045 509 1088 ita
534 1044 670 1088 Marci
698 1044 844 1087 &atris
872 1042 1104 1087 accusandi
1130 1057 1273 1087 causa.
1335 1042 1392 1085 Et
1410 1043 1604 1101 profecto
1629 1042 2278 1102 adolescens‘petulantissimus,
2308 1059 2454 1104 quam-

277 1139 407 1185 quam
446 1125 559 1169 satis
579 1131 727 1168 notum
762 1130 867 1179 erat,
897 1122 950 1177 Qr
982 1122 1234 1167 Ciceronem
1269 1122 1340 1166 vel
1368 1123 1500 1167 invito
1530 1123 1664 1167 fratre
1692 1123 1840 1166 Marco
1869 1124 1927 1167 ad
1957 1124 2206 1183 Pompejum
2236 1126 2456 1182 transisse,

275 1195 544 1265 grairissimis
584 1204 832 1249 criminibus
870 1211 912 1248 et
960 1203 1197 1247 maledictis
1235 1209 1435 1261 patruum
1474 1204 1692 1247 insecutus
1733 1211 1799 1248 est
1836 1211 2043 1258 tantaque
2084 1219 2179 1249 cum
2218 1205 2457 1251 acerbitate

275 1287 402 1343 rosit„
422 1294 471 1331 ut
497 1286 591 1345 ipse
622 1285 788 1330 Caesar
816 1286 1005 1329 accusati
1033 1291 1179 1344 partes
1208 1291 1415 1329 tueretur.
1472 1284 1614 1329 Simili
1651 1285 1781 1329 modo
1821 1286 1950 1330 etiam
1986 1285 2080 1344 ipse
2110 1286 2295 1342 Quintus
2333 1295 2459 1346 pater

276 1381 437 1424 omnes,
474 1380 583 1424 quas
619 1365 677 1409 ad
715 1366 877 1410 amicos
917 1365 1061 1422 dabat,
1097 1352 1305 1423 epistolas
1340 1365 1605 1422 gravissimis
1645 1365 1690 1408 in
1728 1364 1904 1409 fratrem
1945 1366 2150 1410 conviciis
2186 1367 2453 1426 inquinabat.

274 1445 374 1489 Huc
400 1460 531 1490 curae
558 1446 841 1504 gravissimae
869 1444 925 1489 de
954 1445 1096 1489 Tullia
1122 1444 1223 1501 filia,
1262 1458 1376 1504 quae
1407 1444 1675 1488 Dolabellam
1717 1459 1870 1504 parum
1909 1444 2098 1490 moribus
2136 1447 2270 1506 ipsius
2304 1455 2453 1507 aptum

274 1527 473 1569 maritum
501 1532 630 1569 nacta
650 1527 744 1585 jam
773 1525 1020 1569 valetudine
1048 1525 1303 1581 laborabat,
1319 1534 1602 1570 accesserunt.

446 1605 613 1660 Quibus
640 1606 846 1649 molestiis
874 1621 1006 1664 quum
1035 1620 1267 1665 oppressus
1298 1614 1428 1662 esset,
1464 1606 1661 1650 redditae
1700 1614 1800 1650 sunt
1830 1607 2030 1651 Ciceroni
2059 1608 2260 1652 Caesaris
2299 1609 2450 1653 literae

274 1686 378 1730 satis
417 1685 602 1729 humane
647 1700 725 1730 eae
761 1686 937 1744 quidem
973 1687 1170 1745 scriptae,
1209 1685 1364 1744 quibus
1406 1686 1578 1730 tandem
1618 1686 1854 1746 aliquando
1894 1704 1982 1732 non
2021 1688 2127 1732 nihil
2165 1697 2332 1734 erectus
2371 1698 2449 1735 est.

272 1765 344 1810 Ad
373 1767 505 1810 animi
534 1767 649 1810 enim
678 1766 992 1825 aegritudinem
1022 1768 1149 1811 etiam
1189 1767 1382 1825 corporis
1421 1767 1643 1811 infirmitas
1684 1775 1930 1811 accesserat
1971 1783 2030 1812 ex
2067 1770 2179 1812 aeris
2218 1769 2454 1828 pestilentis

272 1848 501 1906 gravitate
516 1854 738 1904 commota,
769 1863 899 1907 quum
938 1849 979 1891 ei
1014 1847 1273 1905 Brundusio,
1314 1854 1545 1907 antequam
1586 1862 1684 1892 cum
1724 1847 1915 1892 Caesare
1951 1849 1996 1892 in
2031 1850 2215 1909 gratiam
2256 1850 2453 1910 redisset,

271 1925 366 1972 non>
388 1928 538 1973 liceret
565 1928 792 1973 excedere.
852 1930 1002 1987 Itaque
1041 1930 1237 1988 quamvis
1266 1928 1551 1972 sollicitudine
1588 1929 1776 1988 quadam
1807 1944 1906 1973 eum
1943 1946 2029 1974 non
2059 1946 2238 1975 vacasse
2276 1940 2453 1991 putave-

271 2009 420 2066 rimus,
448 2008 565 2054 haud
603 2009 734 2054 dubie
774 2016 920 2054 tamen
956 2008 1118 2068 gaudio
1156 2009 1336 2054 affectus
1374 2016 1452 2066 est,
1491 2025 1620 2068 quum
1660 2008 1895 2054 Caesarem
1939 2011 2109 2056 audiret
2134 2011 2454 2059 adventantem.

270 2088 315 2134 Is
354 2089 471 2133 enim
499 2095 685 2134 exeunte
712 2104 859 2134 mense
898 2089 1142 2150 Septembri
1170 2089 1356 2135 navibus
1385 2091 1619 2135 Tarentum
1656 2090 1895 2151 appulerat,
1933 2092 2035 2137 inde
2071 2095 2264 2139 terrestri
2302 2095 2454 2141 itinere

268 2168 546 2215 Brundisium
583 2171 749 2230 petivit,
772 2178 835 2215 ut
873 2172 944 2215 via
981 2171 1126 2230 Appia
1162 2171 1343 2216 Romam
1383 2179 1594 2231 pergeret.
1665 2171 1822 2217 Cicero
1860 2172 2035 2218 obviam
2073 2175 2115 2219 ei
2151 2174 2372 2221 festinavit
2410 2184 2454 2221 et

269 2248 568 2294 liberalissime
597 2259 805 2310 exceptus
834 2259 915 2295 est.
974 2251 1139 2296 Caesar
1166 2253 1287 2297 enim
1309 2259 1357 2296 ut
1384 2253 1511 2311 longe
1540 2258 1639 2297 ante
1668 2252 1776 2296 alios
1806 2268 1902 2297 eum
1934 2268 2161 2298 occurrere
2188 2255 2310 2312 vidit,
2339 2271 2451 2316 equo

270 2329 495 2375 descendit
522 2339 567 2375 et
593 2331 796 2376 salutavit
824 2347 1006 2391 cumque
1035 2346 1087 2376 eo
1116 2331 1207 2376 solo
1238 2332 1484 2392 colloquens
1512 2332 1647 2377 multa
1675 2333 1817 2377 stadia
1843 2336 2069 2394 processit.
2128 2336 2199 2379 De
2230 2336 2450 2381 Ciceronis

268 2412 479 2471 dignitate
508 2411 613 2457 nihil
642 2399 895 2457 detractum¹
922 2421 1009 2471 est3
1049 2413 1239 2458 malebat
1276 2416 1391 2459 enim
1431 2414 1595 2459 Caesar
1634 2414 1811 2472 habere,
1851 2417 1926 2474 qui
1964 2416 2128 2475 gloriae
2167 2431 2269 2462 suae
2307 2426 2452 2463 essent

268 2507 519 2552 praecones,
549 2507 679 2553 quam
707 2492 931 2553 proscribi,
960 2493 1284 2554 quibuscunque
1312 2494 1400 2541 nlla
1427 2505 1554 2540 antea
1585 2494 1728 2540 fuerat
1763 2496 2009 2542 auctoritas.
2069 2497 2299 2542 Praeterea
2336 2513 2448 2558 quae

268 2581 334 2618 est
360 2574 555 2631 victoria,
593 2575 631 2618 si
659 2574 897 2634 triumphus
926 2590 1012 2618 non
1039 2575 1123 2619 nisi
1149 2576 1263 2639 inter
1291 2575 1582 2636 sepulcrorum
1613 2574 1863 2621 solitudines
1892 2584 2035 2635 potest
2062 2577 2270 2622 celebrari
2285 2578 2309 2623 ’ἒ

439 2654 593 2701 Cicero
620 2657 848 2715 postquam
890 2670 986 2699 cum
1017 2654 1205 2700 Caesare
1234 2657 1279 2699 in
1306 2657 1490 2715 gratiam
1519 2655 1660 2712 rediit,
1689 2657 1820 2700 etiam
1848 2658 1893 2701 in
1913 2656 2091 2714 Urbem,
2127 2660 2248 2718 cnjus
2278 2658 2448 2707 deside-

265 2735 331 2779 rio
352 2736 446 2795 jam
474 2737 636 2781 dudum
663 2736 903 2794 tenebatur,
931 2735 1233 2780 revertendum
1261 2735 1345 2781 sibi
1374 2736 1566 2796 putabat.
1633 2736 1724 2780 Sed
1752 2752 1896 2780 rerum
1927 2737 2194 2796 publicarum
2221 2746 2447 2798 pertaesus

265 2815 324 2860 ad
351 2818 507 2862 artium
536 2817 681 2863 studia
708 2832 756 2862 se
785 2819 998 2862 convertit
1024 2830 1318 2876 summamque
1346 2817 1641 2877 philosophiae
1670 2818 2000 2876 pertractandae
2036 2833 2212 2878 operam
2237 2820 2446 2866 dandam
2518 2850 2525 2856 -

268 2898 500 2944 coustituit.
555 2897 684 2955 Quae
713 2914 784 2944 res
818 2905 865 2944 ut
893 2898 1044 2943 melius
1072 2897 1261 2957 cederet,
1290 2900 1451 2945 arctius
1480 2899 1539 2944 Μ.
1568 2898 1773 2943 Terentio
1802 2898 1988 2944 Varroni
2027 2914 2076 2944 se
2114 2901 2366 2961 conjmxig·
2388 2902 2447 2947 ad

269 2991 397 3041 quem
425 2978 636 3040 plurimae
671 2979 882 3040 epistolae
917 2980 1001 3024 hoc
1036 2985 1229 3040 tempore
1268 2982 1537 3041 conscriptae
1574 2986 1760 3026 exstant.
1824 2979 1881 3024 Ei
1919 2977 2082 3038 scribit,
2118 2993 2179 3038 se,
2216 2988 2447 3042 postquam

264 3058 310 3102 in
352 3059 505 3105 urbem
546 3062 727 3119 venerit,
769 3059 934 3106 redisse
976 3075 1085 3106 cum·
1115 3060 1335 3106 veteribus
1378 3062 1539 3119 amieis,
1568 3062 1595 3105 i.
1626 3076 1664 3106 e.
1709 3075 1805 3105 cum
1847 3059 1968 3105 libris
2012 3061 2112 3118 suis,
2158 3062 2203 3106 in
2245 3063 2445 3122 gratiam
