2806 3581
1310 185 1465 261 ,15

1491 253 1568 263 ,vxsx

338 334 575 392 nibeis-ot,
597 336 692 395 jam
722 334 769 379 id
799 335 902 394 egit,
930 341 1000 392 nt,
1018 347 1132 393 quae
1161 348 1189 377 a
1216 332 1400 378 Graecis
1429 334 1604 377 summis
1633 332 1882 377 auctoribus
1909 333 2144 377 memoriae
2172 333 2346 392 prodita
2374 340 2534 390 essent,

340 430 394 460 ea
416 414 564 459 latinis
603 414 740 459 literis
770 415 1023 459 illustraret.
1084 414 1192 473 ‘Ipse
1214 414 1456 473 profitetur
1497 415 1573 471 (de
1612 414 1878 458 divinatione
1918 414 1990 470 11„
2027 413 2075 469 2)
2114 413 2400 472 explicandae
2438 414 2532 473 phi-

338 494 559 554 locophi‘ae
603 508 781 541 σαώσω
822 494 906 541 sibi
931 494 1143 539 attulisse
1186 508 1365 553 gravem
1403 509 1548 539 casum
1588 494 1789 549 civitatis,
1827 509 1923 538 cum
1959 495 2005 537 in
2044 495 2175 537 armis
2213 493 2410 538 civilibus
2448 509 2531 538 nec

338 576 454 621 tueri
481 590 561 621 suo
589 590 709 621 more
739 574 1063 636 rempublicam,
1088 590 1176 620 nec
1201 575 1306 620 nihil
1335 589 1468 636 agere
1495 576 1727 636 potuisset3
1758 589 1839 618 nec
1866 575 1972 635 quid
2001 575 2157 635 potius,
2195 574 2312 635 quod
2351 575 2529 635 quidem

339 671 391 700 se
416 657 592 714 dignum
623 664 751 708 esset,
779 664 945 714 ageret,
974 658 1222 715 reperisset.
1280 657 1380 711 Qua
1408 656 1581 709 quidem
1609 671 1658 699 re
1686 656 1804 713 quod
1823 671 1951 714 quam
1979 657 2173 714 plurimis
2193 671 2241 699 se
2259 657 2528 714 profuturum

338 735 556 794 sperabat,
586 750 687 795 spes
714 735 833 780 haud
861 735 994 780 dubie
1007 756 1009 759 ·
1022 750 1120 780 eum
1147 751 1236 780 non
1273 735 1436 780 fefellit.
1504 736 1572 779 De
1611 734 1733 779 libris
1768 742 1924 792 autem,
1964 750 2074 794 quos
2113 734 2170 779 ad
2211 734 2525 794 philosophiam

337 817 609 875 pertinentes
635 816 717 860 hoc
745 824 940 875 tempore
970 817 1013 860 in
1034 815 1189 874 vulgus
1218 817 1419 872 emiserit,
1448 817 1587 874 ipsum
1604 815 1827 859 babemus
1857 824 2025 872 testem,
2054 823 2103 860 ut
2130 816 2206 874 qui
2235 830 2310 859 eos
2341 815 2406 859 his
2434 816 2527 861 fere

337 895 486 941 verbis
515 903 740 941 recenseat
768 896 843 955 (de
874 896 1140 941 divinatione
1181 896 1651 954 11.,1):„Cohortati
1692 911 1851 952 sumu-³,
1890 904 1938 940 ut
1975 897 2164 941 maxime
2202 897 2430 955 potuimus,
2469 897 2527 940 ad

336 976 634 1036 philosophiae
663 977 851 1021 studium
881 991 933 1020 eo
961 976 1085 1033 libro,
1116 977 1190 1035 qui
1210 985 1276 1021 est
1294 977 1523 1035 inscriptus
1544 976 1816 1032 Hortensiae,
1840 985 1883 1020 et
1901 977 2017 1035 quod
2036 992 2176 1036 genus
2195 976 2526 1036 philosophandi

337 1058 514 1101 minime
543 1071 755 1116 arrogans
784 1058 1060 1115 maximeque
1088 1064 1134 1101 et
1162 1065 1364 1100 constans
1392 1066 1438 1099 et
1466 1057 1640 1115 elegans
1675 1056 1994 1114 arbitraremur,
2033 1065 2217 1116 quatuor
2252 1057 2526 1101 Academicis

336 1136 458 1181 libris
478 1136 757 1181 ostendimus.
796 1136 995 1196 Cumque
1014 1137 1337 1182 fundamentum
1356 1144 1473 1180 esset
1490 1136 1787 1195 philosophiae
1807 1138 1992 1195 positum
2012 1138 2057 1181 in
2075 1138 2234 1182 finibus
2248 1137 2463 1182 bonorum
2482 1146 2527 1182 et

336 1217 559 1273 malorum,
587 1224 877 1276 perpurgatus
905 1225 972 1261 est
998 1219 1036 1261 is
1065 1217 1184 1261 locus
1212 1233 1241 1261 a
1268 1218 1396 1262 nobis
1427 1220 1614 1276 quinque
1653 1217 1788 1273 libris,
1829 1226 1886 1271 ut,
1924 1217 2029 1276 quid
2066 1233 2094 1261 a
2127 1233 2300 1277 quoque
2337 1224 2382 1262 et
2419 1218 2525 1277 quid

336 1306 489 1343 contra
548 1313 762 1357 quemque
818 1298 1120 1358 philosophum
1166 1297 1404 1355 diceretur,
1453 1297 1630 1357 intelligi
1676 1305 1837 1357 posset.
1913 1297 2116 1343 Totidem
2163 1298 2380 1343 subsecuti
2427 1298 2527 1344 libri

336 1378 676 1422 Tusculanarum
716 1378 1054 1437 disputationum
1091 1393 1162 1422 res
1189 1377 1247 1421 ad
1274 1377 1404 1422 beate
1439 1374 1672 1421 vivendum
1711 1378 1900 1421 maxime
1939 1380 2205 1422 necessarias
2244 1387 2523 1438 aperuerunt.

335 1459 506 1503 Primus
535 1459 650 1503 enim
680 1466 747 1502 est
775 1458 831 1502 de
860 1458 1175 1502 contemnenda
1202 1465 1352 1514 morte,
1382 1457 1594 1502 secundus
1623 1457 1679 1501 de
1709 1457 1934 1501 tolerando
1965 1458 2128 1514 dolore,
2164 1459 2220 1503 de
2248 1459 2523 1518 aegritudine

338 1539 542 1584 lenienda
567 1539 734 1595 tertius,
765 1545 942 1597 quartus
972 1538 1027 1582 de
1065 1538 1240 1597 reliquis
1279 1539 1410 1582 animi
1449 1538 1858 1596 perturbationibus,
1894 1540 2067 1597 quintus
2096 1554 2193 1584 eum
2231 1540 2369 1584 locum
2409 1556 2522 1585 oom-

335 1619 492 1679 plexus
520 1626 600 1676 est,
629 1620 704 1678 qui
732 1626 867 1664 totam
895 1618 1210 1678 philosophiam
1238 1620 1429 1663 maxime
1457 1618 1650 1674 illustrat,
1691 1619 1820 1663 docet
1858 1620 1986 1675 enim,
2026 1619 2082 1664 ad
2123 1620 2250 1665 beate
2287 1621 2521 1665 vivendum

336 1701 540 1744 virtutem
571 1714 619 1743 se
649 1700 746 1758 ipsa
775 1713 871 1743 esse
902 1705 1158 1743 contentam.
1216 1699 1385 1754 Quibus
1414 1699 1544 1743 rebus
1572 1699 1699 1743 editis
1727 1706 1819 1743 tres
1847 1699 1946 1743 libri
1974 1700 2154 1758 perfecti
2178 1708 2276 1744 sunt
2296 1701 2350 1744 de
2369 1709 2526 1744 natura

334 1780 542 1835 Deorum,
572 1781 618 1823 in
647 1779 803 1838 quibus
834 1780 971 1823 omnis
1002 1781 1095 1838 ejus
1124 1779 1205 1823 loci
1234 1780 1433 1837 quaestio
1462 1779 1742 1837 continetur.“

503 1860 585 1904 Est
614 1874 667 1905 ea
696 1860 889 1919 profecto
918 1861 1030 1904 mira
1058 1859 1270 1904 industria
1297 1860 1517 1918 mirusque
1535 1858 1742 1903 librorum
1763 1861 1879 1904 intra
1897 1868 2104 1919 angustos
2124 1861 2249 1904 unius
2278 1861 2378 1904 anni
2411 1861 2520 1905 fines

333 1941 672 1999 conscriptorum
709 1955 925 1984 numerus.
993 1941 1086 1984 Nec
1120 1941 1263 1984 facere
1302 1941 1551 1999 poterimus,
1590 1940 1693 1998 quin
1731 1940 1957 1997 fateamur,
1995 1940 2250 1986 Ciceronem
2288 1942 2342 1985 de
2382 1944 2523 2000 patria

331 2020 444 2064 bene
491 2022 711 2077 meruisse,
756 2021 872 2079 quod
915 2021 1083 2080 largum
1126 2020 1285 2065 Graeci
1331 2022 1494 2080 ingenii
1536 2022 1675 2065 rivum
1718 2023 1762 2065 in
1805 2022 2059 2066 Latinorum
2104 2037 2232 2080 agros
2276 2022 2522 2067 deduceret.

330 2101 442 2144 Nam
473 2102 748 2159 primitivum,
779 2117 905 2159 quem
937 2101 1096 2158 dicunt,
1121 2101 1422 2160 philosophum
1455 2101 1705 2145 Ciceronem
1745 2117 1833 2145 non
1874 2102 2096 2158 habemus,
2136 2103 2212 2146 sed
2249 2103 2519 2155 Graecorum

328 2182 567 2227 arctissime
609 2189 876 2240 prementem
920 2183 1222 2240 magistrorum
1270 2183 1467 2240 vestigia.
1539 2182 1599 2225 At
1645 2183 1719 2240 qni
1764 2182 1938 2226 fuerunt
1979 2183 2231 2227 Latinorum
2275 2183 2516 2243 philosophi

332 2262 576 2320 primitivi?
605 2262 747 2305 Erant
773 2262 890 2319 nulli,
920 2271 968 2306 ut
994 2264 1106 2306 inter
1135 2277 1283 2307 omnes
1312 2272 1492 2320 constat,
1521 2278 1659 2322 neque
1690 2263 1803 2306 ultra
1831 2263 2077 2307 eclecticam
2096 2261 2306 2308 rationem
2334 2278 2519 2322 unquam

327 2342 472 2386 Latini
509 2344 705 2400 provecti
733 2351 846 2386 sunt.

499 2424 583 2467 Per
613 2431 748 2467 totum
776 2423 882 2467 illud
912 2433 1091 2483 tempus,
1123 2439 1207 2483 quo
1229 2424 1382 2469 Cicero
1411 2425 1492 2469 hos
1519 2424 1650 2468 libros
1681 2425 1866 2483 scripsit,
1886 2424 2025 2468 Roma
2053 2425 2143 2468 fere
2171 2424 2331 2469 aberat.
2402 2426 2511 2469 Prae

327 2505 484 2548 ceteris
512 2514 656 2548 autem
685 2504 874 2562 praediis
904 2504 1195 2549 Tusculanum
1225 2519 1323 2548 eum
1350 2504 1607 2559 delectabat,
1638 2504 1714 2548 ubi
1744 2505 1915 2563 singula
1934 2520 2133 2564 quaeque
2158 2505 2325 2549 Tulliae
2354 2521 2511 2549 memo-

324 2589 433 2632 riam
473 2570 721 2630 referebant
758 2587 975 2645 Atticique
1014 2586 1096 2644 ipsi
1132 2593 1177 2628 et
1212 2585 1499 2629 conveniendi
1536 2593 1580 2628 et
1617 2584 1888 2628 consultandi
1916 2584 2143 2629 ¹liberrima
2181 2594 2276 2628 erat
2315 2586 2513 2630 facultas.
2562 2642 2567 2647 ᾖ

324 2668 434 2711 Inde
459 2682 517 2719 ne
546 2668 749 2711 Caesaris
779 2667 953 2724 quidem
986 2668 1031 2710 in
1070 2667 1221 2710 urbem
1262 2666 1442 2722 reditus,
1482 2668 1556 2725 qui
1594 2681 1741 2709 mense
1786 2666 1968 2709 Octobri
2006 2667 2163 2720 evenit,
2199 2681 2375 2723 prorsus
2413 2681 2513 2709 eum

323 2749 538 2794 avocavit.
595 2746 714 2791 Fieri
742 2746 857 2791 enim
884 2762 971 2791 non
1000 2747 1153 2806 potuit,
1187 2746 1292 2804 quin
1323 2746 1456 2790 semel
1495 2752 1624 2805 atque
1660 2746 1817 2789 iterum
1857 2746 1952 2789 viro
1989 2746 2259 2804 praepotenti
2302 2746 2348 2789 in
2390 2745 2511 2790 Urbe

321 2836 497 2888 praesto
527 2835 642 2874 esset
670 2833 940 2887 vocatusque
969 2843 1093 2872 suum
1123 2827 1237 2870 inter
1265 2833 1488 2872 senatores
1517 2827 1655 2871 locum
1685 2826 1911 2870 obtineret.
1969 2826 2038 2870 Ita
2055 2841 2189 2886 quum
2216 2825 2396 2883 faceret,
2426 2826 2511 2871 sibi

321 2909 571 2954 securitatem
600 2910 796 2953 servavit
821 2908 1091 2953 auctoritatis
1119 2904 1225 2951 suae
1244 2907 1290 2950 in
1308 2908 1545 2952 amicorum
1565 2905 1883 2950 convertendae
1902 2905 2139 2950 utilitatem.
2201 2905 2350 2961 Quare
2374 2921 2509 2967 quum

322 2988 490 3035 Caesar
525 2988 731 3034 militibus
769 3002 912 3049 agros,
949 3002 1059 3049 qnos
1093 2987 1146 3032 iis
1180 2988 1453 3048 promiserat,
1492 2993 1606 3032 esset
1643 2986 1874 3044 divisurus,
1910 2986 2048 3031 literis
2086 2986 2144 3031 ad
2179 3001 2268 3044 eos,
2320 2987 2398 3048 qui
2437 2987 2511 3031 isti

319 3071 496 3130 negotio
529 3071 766 3130 praepositi
805 3075 942 3127 erant,
981 3069 1094 3113 datis
1134 3069 1288 3126 effecit,
1327 3075 1373 3113 ut
1412 3070 1644 3113 amicorum
1684 3070 1801 3127 agris
1833 3074 2098 3127 paroeretur.
2165 3068 2301 3112 Simili
2342 3070 2512 3114 ratione
