2806 3581
1356 179 1425 236 12

275 330 372 376 Etsi
419 329 717 382 nonjdcirco
766 343 914 377 eorum
962 343 1086 378 usum
1123 327 1384 386 dimisisset,
1430 328 1552 388 qnod.
1595 329 1649 374 iis
1688 305 1993 386 succensere&
2027 330 2116 392 aad
2154 330 2294 390 >quod
2328 345 2484 380 aarum

275 426 322 463 se
340 411 650 472 „supputet-et.
722 410 873 455 Videri
917 410 1034 457 enim
1086 408 1184 466 sibi,
1242 423 1377 468 quum
1426 424 1478 461 se
1526 411 1572 459 iu
1610 424 1680 454 res
1735 408 2147 465 &buinath-imm.
2170 410 2482 474 &densante
2557 436 2559 438 ’

273 491 695 549 ιοᾳιιάοωίεἰειοὲ,
733 492 979 552 praeceptis
1017 490 1187 535 illorum
1225 505 1314 535 non
1352 492 1705 551 satis..paruisse.
1768 488 1998 550 Ignoscere
2044 489 2162 549 cibis
2185 505 2395 559 revocate
2435 493 2483 541 iu

272 574 500 632 pristinam
539 572 895 619 consuetudinem
924 603 937 616 .
969 605 981 617 .
1010 604 1022 615 .
1054 603 1066 616 .
1125 570 1238 617 Erat
1277 571 1411 630 igitur
1445 569 1601 619 Cicero
1638 570 1749 619 belli.
1768 571 1967 622 Afric-ni
2012 577 2206 632 tempore
2233 572 2399 621 Romae
2437 578 2483 618 et

274 653 368 707 fere
399 653 555 703 domus
582 668 700 699 suae.
714 651 956 713 parietibus
983 650 1176 696 inclusus
1206 650 1303 696 dies
1335 652 1618 711 transigebat.
1675 651 1813 698 Multa
1840 653 1955 703 enim
1979 658 2129 708 erant,
2143 667 2261 711 quae
2290 653 2482 703 animum

275 735 371 794 ejus
399 741 662 794 pungerent.
719 732 807 788 Qui
841 737 993 792 aperte
1033 746 1094 776 ex
1131 729 1340 782 Caesaris
1374 731 1570 792 partibus
1613 738 1844 790 steterant3
1884 733 2100 788 victorum
2138 732 2360 792 superbia,
2388 734 2481 781 vetsi

270 813 432 864 nullius
472 821 599 860 erant
636 814 842 861 momenti
875 813 1085 869 homines,
1123 827 1173 856 se
1204 812 1435 872 Jactabant
1473 819 1519 857 et
1560 829 1723 871 omnes,
1757 815 1834 874 qui
1874 829 1973 859 cum
2011 804 2221 873 Pompejo
2264 814 2474 871 fecerant,

272 895 502 942 fash‘diosa
528 895 750 940 violabant
776 893 1017 940 insolentia.
1064 893 1200 950 „Urbe
1230 900 1378 939 autem
1418 893 1586 952 abesse,
1618 911 1675 942 ne
1703 911 1840 946 novas
1869 895 2178 948 malevolorum
2209 898 2478 956 suspiciones

269 983 480 1034 moveret,
508 976 698 1022 nolebat.
755 975 858 1021 Jam
884 975 1019 1035 igitur
1047 981 1223 1034 praeter
1254 975 1388 1022 libros
1415 975 1524 1036 quid
1544 981 1652 1033 erat,
1681 977 1800 1036 quod
1819 992 2028 1037 oppressa
2048 976 2190 1025 libera
2208 977 2474 1038 reipublicae

272 1058 414 1104 forma
441 1057 526 1103 sibi
553 1057 795 1103 vindicaret
825 1058 877 1113 b,
917 1071 997 1116 per
1026 1070 1158 1116 quem
1200 1056 1449 1117 respublica
1487 1072 1544 1102 ex
1583 1059 1838 1116 perniciosis
1867 1057 2214 1107 Catilinariorum
2253 1057 2394 1107 turbis
2429 1060 2476 1103 in

272 1138 520 1185 libertatem
539 1147 635 1182 erat
651 1137 850 1182 asserta?
908 1136 1026 1181 Sane
1047 1137 1225 1197 quidem
1246 1152 1443 1196 pugnare
1464 1142 1635 1196 poterat
1653 1144 1807 1183 contra
1824 1139 2088 1199 reipublicae
2107 1139 2272 1186 liberae
2285 1154 2475 1198 oppres·

277 1234 414 1276 sores,
442 1218 572 1263 modo
605 1233 662 1262 ne
699 1216 1009 1277 rempublicam
1047 1218 1164 1261 omni
1193 1232 1252 1261 ex
1292 1224 1417 1276 parte
1455 1232 1653 1263 eversam
1690 1217 1989 1265 intellexisset.
2056 1219 2148 1266 Sed
2184 1225 2279 1264 erat
2317 1234 2473 1264 eversa

270 1302 360 1360 jam
388 1299 446 1345 ab
475 1315 529 1345 eo
558 1305 767 1358 tempore,
795 1312 885 1358 quo
915 1313 1043 1343 omne
1083 1297 1147 1342 de.
1181 1304 1273 1342 tota
1314 1299 1489 1343 civitate
1523 1298 1752 1346 arbitrium
1792 1314 1929 1358 penes
1967 1299 2155 1347 illustres
2190 1301 2473 1360 imperatores

272 1395 368 1426 esse
412 1385 630 1439 coeperat.
693 1379 759 1423 Re
802 1393 911 1423 vera
952 1380 1039 1438 jam
1079 1378 1245 1422 Sullam
1283 1378 1530 1438 respublica
1568 1378 1791 1424 dominum
1830 1378 2044 1425 habuerat
2082 1385 2127 1424 et
2161 1380 2272 1425 mira
2306 1386 2473 1425 tantum

268 1463 362 1521 ejus
395 1460 467 1505 vel
503 1461 782 1515 continentia,
821 1460 893 1504 vel
921 1460 1091 1505 desidia
1119 1460 1286 1505 factum
1316 1467 1422 1517 erat,
1461 1467 1509 1504 ut
1547 1467 1731 1506 externa
1767 1460 1981 1508 libertatis
2017 1462 2184 1520 species
2224 1467 2473 1509 servaretur

266 1549 342 1587 aut
373 1543 685 1587 restitueretur.
751 1540 962 1586 Absolute
992 1556 1138 1585 rerum
1167 1540 1460 1599 gerendarum
1489 1556 1619 1585 cursu
1648 1557 1706 1586 ex
1733 1543 1854 1601 regio
1890 1541 2113 1589 dominatu
2141 1540 2388 1600 respublica
2415 1542 2473 1586 ad

266 1623 455 1667 eundem
488 1623 657 1680 regium
687 1622 967 1678 dominatum,
993 1621 1095 1665 licet
1122 1623 1296 1665 nomine
1327 1628 1503 1678 mutato,
1531 1622 1718 1667 redibat.

444 1703 576 1758 Quod
604 1702 663 1747 ad
691 1702 796 1747 belli
822 1703 1019 1747 Africani
1047 1709 1256 1746 eventum
1282 1704 1484 1761 pertinet,
1511 1702 1767 1748 Ciceronem
1796 1705 2066 1762 exspectatio
2094 1701 2166 1745 vel
2203 1709 2343 1747 metus
2382 1717 2471 1746 non

269 1783 497 1828 fefellerat.
574 1781 737 1827 Caesar
780 1784 895 1826 enim
938 1797 1073 1841 quum
1115 1781 1198 1826 sub
1244 1783 1414 1826 initium
1457 1784 1561 1827 anni
1601 1784 1686 1828 708
1717 1785 1763 1828 in
1802 1783 1996 1829 Africam
2027 1783 2310 1843 pervenisset,
2347 1783 2470 1826 initio

267 1864 429 1908 mensis
458 1862 621 1923 Aprilis
648 1862 679 1908 J
682 1862 811 1907 ubam
841 1862 1179 1923 Scipionemque
1207 1862 1327 1922 apud
1356 1862 1579 1923 Thapsum
1608 1863 1770 1909 devicit
1796 1879 1849 1908 ac
1877 1864 2028 1923 paucis
2059 1863 2213 1908 diebus
2243 1869 2344 1924 post
2363 1860 2471 1907 Cato

267 1945 425 1989 Uticae
453 1959 631 1988 manum
659 1943 742 1987 sibi
770 1943 923 1987 intulit.
986 1943 1084 1998 Quo
1113 1944 1229 1987 facto
1250 1958 1385 2002 quum
1404 1946 1688 2003 compositum
1719 1951 1834 1989 esset
1852 1945 2013 1989 bellum
2032 1945 2298 2001 Africanum,
2322 1944 2469 1988 medio

270 2026 365 2070 fere
391 2039 507 2070 anno
535 2024 722 2069 Romam
750 2023 882 2067 rediit
910 2030 956 2067 et
983 2038 1012 2067 a
1038 2030 1193 2067 senatu
1219 2024 1350 2067 tantis
1369 2010 1604 2069 honoribus
1626 2031 1779 2085 totque
1798 2026 1923 2070 novis
1943 2024 2270 2083 magistratibus
2291 2030 2470 2070 ornatus

271 2112 351 2161 est,
380 2111 430 2148 ut
457 2106 545 2163 jam
575 2105 753 2164 propius
781 2103 839 2147 ad
867 2105 1033 2162 regiam
1062 2103 1324 2162 dignitatem
1355 2105 1596 2150 accederet.
1655 2105 1911 2149 Ciceronem
1932 2103 2105 2161 ⁴Caesar
2133 2110 2233 2163 post
2270 2104 2469 2161 reditum,

268 2201 385 2246 quae
432 2186 525 2244 ejus
565 2190 663 2228 erat
704 2184 963 2240 humanitas,
1001 2185 1236 2246 praecipuo
1281 2184 1443 2230 honore
1490 2185 1695 2243 habebat,
1737 2191 1887 2230 noster
1929 2192 2089 2242 autem,
2127 2191 2336 2245 quantum
2374 2185 2470 2229 fleri

271 2272 458 2327 poterat,
486 2270 678 2310 remotus
706 2264 901 2311 vivebat.
957 2262 1110 2325 Itaque
1140 2280 1250 2325 quos
1280 2264 1422 2311 salvos
1450 2266 1640 2325 volebat,
1671 2282 1746 2312 eos
1766 2282 1846 2328 per
1865 2267 2028 2311 amicos
2047 2265 2227 2310 Caesari
2255 2280 2469 2311 commen-

269 2347 406 2392 dabat
434 2353 479 2391 et
506 2347 552 2391 in
581 2347 834 2392 universum
863 2346 1012 2391 oculos
1041 2345 1211 2390 vitabat
1239 2346 1472 2405 hominum,
1500 2350 1538 2392 si
1566 2348 1738 2407 linguas
1766 2349 1909 2392 minus
1938 2347 2064 2392 facile
2095 2353 2257 2408 posset.
2315 2347 2469 2406 Neque

269 2428 391 2473 urbis
424 2428 631 2489 strepitus
659 2429 794 2472 musis
824 2429 929 2471 satis
957 2427 1143 2472 idoneus
1172 2427 1403 2472 videbatur
1431 2444 1541 2474 esse.
1611 2429 1777 2474 ldcirco
1814 2426 1992 2473 Circero
2034 2430 2082 2472 in
2115 2428 2240 2472 villas
2279 2442 2381 2472 suas
2420 2442 2467 2472 se

271 2510 453 2570 recepit.
510 2509 714 2565 Primum,
735 2508 793 2553 ad
813 2509 933 2569 quod
962 2508 1241 2553 scribendum
1262 2524 1357 2553 sese
1377 2512 1580 2567 accinxit,
1601 2525 1710 2571 opus
1730 2508 1908 2558 Catonis
1926 2509 2078 2554 laudes
2098 2509 2231 2555 fuisse
2252 2509 2467 2566 videntur,

268 2591 516 2649 πρόβλημα,
557 2597 604 2634 ut
642 2590 738 2651 ipse
768 2591 843 2647 ait,
855 2588 1180 2649 'onmq'dscom
1240 2588 1339 2634 Jam
1367 2592 1479 2636 enim
1510 2592 1655 2636 omnia
1673 2606 1702 2636 a
1720 2587 1911 2635 Caesare
1931 2589 2181 2650 pendebant
2209 2595 2255 2634 et
2283 2605 2468 2635 summo·

269 2686 374 2730 pere
411 2670 652 2715 timendum
693 2677 801 2727 erat,
840 2686 895 2715 ne
925 2686 978 2716 eo
1015 2671 1162 2715 libello
1203 2671 1320 2715 edito
1360 2673 1520 2715 summi
1553 2671 1747 2716 consulis
1786 2672 1980 2715 animum
2011 2669 2263 2716 offenderet.
2322 2670 2465 2715 Nihilo

268 2753 411 2796 minus
440 2749 596 2796 Cicero
635 2767 723 2797 non
762 2753 992 2809 dubitavit,
1021 2750 1237 2796 Catonem
1277 2767 1403 2796 suum
1441 2754 1488 2796 in
1526 2752 1684 2811 vulgus
1723 2752 1934 2797 emittere.
2001 2750 2165 2796 Caesar
2201 2752 2316 2797 lecto
2354 2752 2464 2797 libro

202 2866 216 2888 ,
267 2832 498 2893 epistolam
527 2832 585 2877 ad
615 2837 840 2876 auctorem
869 2830 992 2875 dedit
1019 2830 1335 2879 humanissime
1363 2834 1592 2894 scriptam3
1612 2847 1881 2892 quamquam
1901 2834 2019 2877 enim
2038 2838 2178 2886 erant,
2193 2834 2272 2892 qui
2292 2831 2463 2879 Cicero-

267 2929 372 2959 nem
415 2911 597 2958 Caesari
641 2914 996 2970 criminarentur,
1041 2920 1189 2959 tamen
1234 2913 1504 2958 benevolum*
1539 2916 1586 2958 in
1629 2929 1732 2958 eum
1774 2915 1968 2958 animum
2007 2915 2199 2960 servavit
2232 2921 2310 2959 aut
2346 2922 2464 2960 certe

266 2995 409 3040 finxit.
472 2994 626 3055 ltaque
664 2994 773 3040 satis
809 2993 1003 3040 habebat
1041 2992 1199 3040 Catoni
1237 2995 1541 3040 Anticatonem
1579 3009 1814 3056 opponere,
1853 3010 1940 3055 quo
1967 2997 2024 3041 in
2060 2994 2183 3041 libro-
2210 2993 2461 3042 Ciceronem

267 3070 415 3122 multis
446 3091 624 3122 ornasse
644 3075 861 3134 laudibus,
880 3073 1096 3122 Catonem
1115 3075 1397 3122 acerbissime
1416 3075 1554 3120 fertur
1574 3076 1838 3136 axagitasse.
1898 3076 2209 3126 intercesserat
2236 3060 2464 3139 praeterea
