2806 3581
1237 222 1244 229 r
1265 221 1312 231 vxvx
1327 219 1451 230 xoexxsxa
1494 221 1504 229 s

279 305 487 359 tantaque
515 299 736 345 celeritate
764 315 864 346 eum
893 303 1088 347 exerc'du
1115 304 1199 347 iter
1226 303 1341 361 fecit,
1371 306 1421 343 ut
1441 302 1674 361 Pompejus
1694 316 1791 345 cum
1813 305 2014 347 universo
2044 311 2210 360 senatu,
2238 320 2295 351 ne
2314 306 2359 349 in
2378 307 2479 362 ipsa

278 379 390 425 urbe
418 386 665 438 caperetur,
697 381 847 425 relicto
875 385 1045 427 aerario
1073 385 1119 427 in
1138 381 1287 428 ltaliae
1315 388 1464 440 partes
1491 383 1744 426 remotiores
1773 385 2039 443 confugeret.
2088 385 2271 429 Factum
2298 393 2366 430 est
2392 386 2478 431 boc

278 458 435 506 eodem
457 471 601 518 >prope
636 461 721 520 die,
762 475 850 520 quo
878 459 1100 509 Labienus
1136 479 1165 508 a
1192 461 1383 509 Caesare
1417 461 1587 520 defecit,
1627 463 1700 520 qui
1741 463 1777 506 si
1807 464 1958 521 paucis
1998 462 2153 508 diebus
2190 470 2304 521 ante,
2343 477 2473 522 quam

277 553 383 585 vere
411 541 572 586 factum
602 548 681 600 est,
718 543 900 588 Romam
941 544 1152 602 potuisset
1179 545 1343 600 venire,
1380 543 1504 586 haud
1534 542 1668 586 dnbio
1697 542 1876 587 multum
1916 544 1974 589 ad
2003 544 2319 589 confirmandos
2349 560 2471 593 sena-

278 628 419 666 torum
448 621 614 667 animos
643 623 789 668 valere
817 629 1001 681 poterat.
1053 624 1140 668 Vix
1168 630 1315 668 autem
1346 623 1431 667 dici
1461 628 1615 680 potest,
1645 630 1915 682 quantopere
1945 630 2121 668 senatus
2149 626 2234 669 ista
2260 636 2475 682 praeceps

276 702 384 762 fuga
420 704 630 761 optimum
669 712 886 762 quemque
926 711 970 749 et
998 717 1105 761 prae
1134 707 1288 749 ceteris
1317 703 1571 749 Ciceronem
1599 707 1843 763 pupugerit.
1902 706 2002 750 Una
2029 707 2143 749 enim
2178 707 2224 749 in
2254 706 2361 750 urbe
2389 707 2470 750 rei·

277 783 477 842 publicae
507 785 739 829 auctoritas
769 786 852 830 sita
879 800 975 830 esse
1004 784 1247 830 videbatur.
1306 785 1429 840 Quae
1462 797 1595 842 quum
1624 786 1687 829 ita
1715 793 1871 840 essent,
1901 793 2046 831 tamen
2075 785 2229 830 Cicero
2259 786 2471 846 Pompejo

277 864 477 909 addictus
496 878 593 909 esse
619 879 707 908 nou
736 865 865 909 desiit
893 873 937 909 et
964 880 1120 909 munus
1149 866 1435 923 periculosum
1477 866 1536 910 ab
1565 880 1618 909 eo
1648 865 1733 908 sibi
1761 867 1923 921 imponi
1952 879 2109 923 passus
2136 872 2216 909 est.
2277 865 2465 910 Volebat

278 946 396 1008 enim
421 945 653 1003 Pompeius
671 943 926 989 Ciceronem
955 959 1065 1001 esse,
1094 958 1225 1003 quem
1254 951 1346 989 tota
1374 943 1598 1002 Campana
1627 952 1670 989 et
1690 948 1904 990 maritima
1931 961 2010 991 ora
2027 946 2209 991 baberet
2226 947 2467 991 ἐπίσκοπον

278 1032 322 1071 et
350 1026 405 1070 ad
436 1038 567 1084 quem
596 1024 788 1069 delectus
817 1032 862 1070 et
890 1041 1057 1070 summa
1085 1028 1248 1087 negotii
1275 1026 1521 1071 referretur.
1581 1026 1782 1083 Suscepit
1812 1027 1986 1084 quidem
2015 1026 2173 1072 Gicero
2205 1028 2467 1084 provinciam

276 1108 360 1154 sibi
389 1107 650 1158 mandatam,
690 1106 782 1162 sed,
811 1106 1067 1166 simulatque
1107 1107 1297 1163 advenit,
1337 1121 1430 1150 eam
1468 1109 1560 1152 sine
1596 1108 1793 1152 exercitu
1831 1110 2003 1153 omnino
2044 1109 2180 1153 teneri
2214 1123 2300 1152 non
2339 1121 2467 1165 posse

276 1188 500 1234 intellexit.
560 1187 711 1245 ltaque
746 1187 921 1246 negotio
951 1187 1116 1232 destitit
1152 1194 1193 1232 et
1225 1189 1416 1246 privatus
1447 1186 1624 1245 Capuae
1663 1190 1833 1233 mansit
1894 1190 1993 1234 Huc
2031 1191 2225 1247 accessit,
2264 1189 2383 1247 quod
2422 1190 2465 1232 in

277 1271 371 1315 dies
399 1270 538 1329 magis
565 1266 880 1327 ἀσῳαιήγηων
902 1269 1152 1328 Pompeium
1172 1270 1389 1327 cognovit,
1422 1270 1508 1326 qui,
1529 1283 1662 1327 quum
1682 1271 1822 1315 omnis
1844 1284 1942 1327 spes
1971 1272 2015 1314 in
2036 1270 2205 1315 duabus
2225 1269 2471 1329 legionibus

277 1350 552 1396 Caesarianis
594 1348 800 1393 insidiose
839 1350 1017 1393 retentis
1056 1349 1360 1406 contineretur,
1400 1348 1593 1393 delectus
1629 1365 1737 1394 vero
1775 1355 1889 1394 esset
1917 1352 2148 1395 invitorum
2189 1357 2231 1392 et
2262 1365 2290 1393 a
2318 1363 2468 1408 pugna

276 1431 604 1477 abhorrentium
631 1441 773 1487 neque
803 1434 978 1473 strenue
1008 1429 1166 1473 bellum
1194 1430 1382 1487 parabat
1410 1436 1452 1472 et
1478 1431 1572 1488 Jam
1601 1430 1657 1474 de
1686 1431 1971 1488 relinquenda
1999 1431 2120 1474 ltalia
2149 1432 2339 1488 cogitare
2371 1445 2465 1473 coe-

275 1518 415 1569 perat.
472 1511 720 1555 Terentiam
756 1524 937 1553 uxorem
974 1515 1019 1552 et
1055 1511 1238 1553 Tulliam
1278 1510 1412 1553 filiam
1451 1508 1601 1553 Cicero
1639 1512 1698 1555 ab
1734 1509 1856 1554 i‘nitio
1896 1513 2058 1555 Romae
2096 1512 2331 1567 reliquerat
2363 1526 2468 1553 cura

277 1608 425 1636 earum
453 1592 602 1635 amicis
631 1593 676 1633 in
704 1590 813 1634 urbe
842 1589 1056 1632 residibus
1085 1589 1360 1634 demandata.
1407 1591 1507 1634 Jam
1537 1606 1611 1634 eas
1640 1593 1685 1634 in
1706 1591 1933 1648 praedium
1954 1593 2229 1636 Formianum
2250 1592 2463 1646 avocavit,

277 1686 364 1731 quo
394 1679 437 1716 et
464 1674 560 1729 ipse
599 1688 639 1715 a.
669 1671 711 1715 d.
746 1669 816 1715 nl.
845 1669 936 1714 Cal.
975 1668 1105 1714 Febr.
1146 1672 1370 1727 concessit,
1410 1671 1455 1715 id
1495 1687 1593 1716 cum
1623 1673 1769 1716 animo
1799 1679 2009 1717 statutum
2039 1671 2217 1728 habens,
2255 1678 2316 1728 ut,
2356 1670 2464 1715 dum

274 1756 395 1812 pacis
416 1760 530 1798 esset
550 1768 663 1813 spes,
693 1752 755 1797 ibi
775 1757 981 1807 maneret,
1010 1752 1077 1794 sin
1099 1751 1257 1796 bellum
1284 1759 1519 1811 gereretur,
1549 1767 1605 1796 ne
1624 1754 1766 1798 officio
1797 1753 1981 1799 deesset.
2021 1753 2168 1809 Quare
2198 1765 2464 1810 quamquam

275 1836 418 1879 Attico
448 1849 528 1878 suo
565 1836 721 1878 iterum
758 1839 889 1891 atque
916 1835 1074 1877 iterum
1104 1834 1287 1890 scripsit,
1315 1833 1421 1877 nihil
1459 1841 1602 1877 actum
1641 1849 1738 1877 esse
1777 1849 1805 1878 a
1843 1835 2052 1894 Pompejo
2090 1835 2321 1891 sapienter,
2357 1830 2464 1876 nihil

276 1916 455 1972 fortiter,
493 1914 598 1959 nihil
635 1915 718 1958 nisi
759 1921 909 1958 contra
944 1915 1080 1973 ipsius
1109 1913 1334 1958 consilium
1370 1921 1501 1972 atque
1529 1908 1855 1968 auctoritatem3
1896 1922 2043 1960 tamen
2084 1927 2219 1972 quum
2248 1912 2306 1957 ab
2336 1928 2388 1957 eo
2418 1916 2464 1957 in

275 1996 479 2052 Apuliam
510 2001 777 2051 evocaretur,
806 1994 1025 2052 profectus
1054 2001 1132 2040 est.
1183 1994 1272 2039 Sed
1303 2006 1438 2052 quum
1468 1995 1695 2039 Theanum
1726 1995 1971 2039 Sidicinum
1993 1996 2196 2052 venisset,
2226 1993 2282 2038 ab
2312 1994 2463 2038 amicis

275 2076 525 2123 certiorest
554 2074 706 2131 sactus,
736 2079 871 2118 totam
899 2074 1015 2118 illam
1044 2080 1220 2132 terram,
1250 2087 1331 2132 per
1348 2086 1479 2132 quam
1508 2076 1590 2119 iter
1616 2075 1865 2119 faciendum
1896 2082 2002 2132 erat,
2032 2073 2237 2119 Caesaris
2265 2075 2460 2118 exercitu

273 2157 425 2202 teneri.
485 2153 642 2213 ltaque
670 2155 716 2198 in
748 2154 1024 2198 Formianum
1055 2169 1179 2198 suum
1210 2154 1355 2199 redire
1384 2163 1557 2199 coactus
1586 2165 1665 2199 est.

445 2237 548 2281 Jam
576 2250 681 2280 vero
711 2236 850 2294 magis
878 2237 921 2279 in
952 2235 1044 2279 dies
1073 2237 1294 2294 cognitum
1324 2242 1413 2293 est3
1444 2237 1698 2296 Pompejum
1728 2236 1834 2280 nihil
1861 2238 1946 2280 nisi
1974 2237 2124 2295 fugam
2154 2236 2199 2280 in
2228 2235 2460 2279 Graeciam

275 2318 497 2375 meditari3
537 2316 657 2373 quod
690 2317 725 2359 si
756 2318 1008 2375 peregisset,
1052 2313 1222 2372 Cicero,
1259 2316 1368 2373 quid
1396 2317 1477 2361 sibi
1509 2324 1623 2360 esset
1655 2316 1889 2374 agendum,
1930 2317 2059 2361 valde
2088 2315 2330 2360 dubitabat.
2387 2314 2459 2359 Ad

272 2398 536 2444 manendum
566 2400 682 2443 enim
711 2399 757 2441 in
784 2396 913 2443 ltalia·
933 2399 1114 2443 laureati
1143 2397 1328 2454 lictores,
1357 2398 1590 2457 improvidi
1618 2403 1663 2441 et
1691 2397 1962 2457 negligentes
1983 2398 2181 2458 Pompeji
2211 2396 2358 2454 duces,
2389 2412 2458 2442 co·

269 2485 502 2538 gnatorum
541 2479 583 2521 in
622 2477 771 2536 primis
810 2491 962 2536 preces
1001 2478 1308 2535 hortabantur3
1348 2478 1408 2522 ad
1437 2479 1585 2537 sugam
1613 2476 1803 2522 micitia
1833 2478 1992 2533 Gnaei,
2011 2493 2161 2522 ·causa
2189 2492 2353 2533 eorum,
2381 2477 2456 2534 qui

270 2559 545 2605 habebantur
573 2559 689 2617 boni,
718 2559 892 2619 tyranni
920 2558 1125 2604 incitabat
1152 2558 1318 2603 horror.
1378 2558 1506 2615 Quod
1536 2571 1670 2615 quum
1700 2556 1763 2602 ita
1790 2565 1919 2616 esset,
1948 2573 2163 2602 summam
2192 2556 2329 2610 dabat
2354 2570 2456 2614 ope—

270 2655 378 2698 ram,
410 2647 476 2697 ut,
514 2641 549 2685 si
588 2639 684 2685 fieri
723 2647 883 2698 posset,
920 2640 990 2684 vel
1018 2638 1062 2684 in
1091 2638 1174 2683 hae
1201 2645 1402 2684 extrema
1429 2638 1528 2684 belli
1557 2637 1813 2682 necessitate
1852 2651 1943 2695 pax
1970 2638 2280 2682 restitueretur.
2339 2637 2454 2682 Nam

269 2733 406 2779 quum
444 2721 571 2766 datae
610 2723 758 2766 essent
782 2720 841 2765 ad
879 2721 1020 2778 ipsum
1056 2718 1258 2764 Caesaris
1285 2720 1468 2779 ejusque
1496 2721 1733 2764 arnicorum
1769 2717 1961 2776 Antonii,
1995 2717 2248 2763 Dolabellae
2287 2720 2453 2778 generi,

268 2800 420 2859 coelii,
458 2802 641 2846 aliorum
682 2799 913 2860 epistolas3
959 2814 1132 2845 summa
1159 2811 1295 2856 opera
1321 2800 1477 2845 enixus
1513 2807 1591 2855 est,
1620 2797 1854 2843 Caesarem
1889 2804 1939 2843 ut
1967 2798 2171 2856 placaret,
2211 2797 2354 2844 civilia
2390 2814 2455 2843 re-

270 2887 467 2926 moveret
484 2896 618 2927 arma.
667 2881 928 2941 Pei-vulgata
954 2887 1021 2925 est
1038 2895 1126 2925 una
1154 2895 1213 2924 ex
1229 2878 1436 2937 epistolis,
1467 2894 1597 2937 quam
1615 2879 1674 2923 ad
1694 2877 1928 2923 Caesarem
1949 2878 2142 2931 dederat,
2171 2877 2278 2922 etin
2297 2877 2452 2924 vitium

268 2960 350 3018 ipsi
379 2961 437 3007 ab
464 2959 615 3006 antido
643 2959 843 3020 Pompeji
870 2975 1058 3018 versum,
1087 2959 1207 3018 quod
1235 2974 1324 3004 non
1350 2959 1459 3005 satis
1485 2975 1517 3004 a
1542 2957 1801 3017 reipublicae
1831 2958 2021 3003 stetisset
2048 2957 2262 3015 partibus.
2321 2958 2452 3014 Quod

269 3040 438 3087 etiamsi
466 3057 553 3087 non
583 3040 718 3100 pluris
747 3041 920 3098 faceret,
951 3046 1096 3085 tamen
1114 3038 1267 3097 prioris
1294 3055 1395 3084 eum
1425 3037 1855 3119 poenitebat-consilii
1874 3049 2119 3095 navemque
2139 3037 2335 3095 parabat,
2365 3049 2456 3095 qua
