2806 3581
1447 186 1524 264 4m
1541 254 1549 261 x
1586 254 1592 259 ,

360 333 645 379 contumelias
674 335 889 394 conjicere
920 334 991 378 isti
1019 347 1107 377 non
1138 333 1350 380 dubitant.
1409 334 1500 378 Nos
1529 349 1634 393 vero
1675 350 1817 379 rerum
1847 343 2068 395 gestarum
2097 335 2353 396 dignitatem
2388 351 2476 381 non
2506 352 2564 382 ex

358 429 446 459 uno
476 422 638 459 eventu
669 414 1006 474 dijudicandam,
1036 414 1117 458 sed
1146 429 1216 458 res
1247 415 1365 473 ipsas
1397 423 1441 458 et
1470 415 1694 459 consilium
1732 431 1817 474 quo
1848 424 1973 461 erant
2002 423 2245 476 susceptae,
2284 424 2330 460 et
2349 417 2563 476 justitiam

356 509 515 539 causae
546 495 754 539 defensae
795 495 956 553 ubique
995 495 1273 553 respicienda
1312 511 1408 538 esse
1438 495 1698 554 judicamus.
1759 498 1911 555 ltaque
1950 497 2151 556 imposito
2189 496 2315 541 nobis
2345 496 2563 541 scribendi

355 576 498 621 officio
527 577 573 620 in
603 591 670 632 ea,
700 591 789 635 qua
815 576 1075 632 laboramus,
1107 576 1180 619 otii
1213 584 1256 619 et
1286 575 1494 619 librorum
1525 577 1705 634 penuria
1734 578 2031 621 constituimus
2062 577 2288 622 Ciceronis
2320 578 2436 622 vitae
2467 593 2563 622 eam
2641 599 2645 603 ¹

356 663 539 717 partem,
580 671 693 715 quae
732 658 845 702 inter
884 656 1032 701 turbas
1071 655 1172 700 belli
1212 655 1350 699 civilis
1391 666 1489 700 acta
1525 666 1603 713 est,
1645 666 1924 715 pertractare.
1986 658 2084 713 Quo
2124 674 2303 704 munere
2341 661 2402 703 ita
2435 658 2562 704 nobis

357 737 582 797 aptissime
612 738 882 797 perfuncturi
912 737 1124 793 videmur,
1154 744 1204 785 ιιι
1231 752 1361 796 quum
1394 739 1532 809 primo
1562 737 1700 797 ipsam
1732 739 2029 812 nostri-,vitam
2060 741 2420 802 enarraverimus,
2458 747 2562 797 tum,

356 818 395 863 si
418 818 539 863 locus
570 827 614 863 et
634 819 767 863 otium
789 826 1001 876 suppetat,
1034 817 1089 861 de
1120 815 1456 862 Obtrectatorum
1486 804 1712 861 Ciceronis
1736 808 2111 863 criminationibus
2143 819 2348 864 dicamus.
2405 822 2563 880 Operis

356 899 571 957 propositi
600 899 712 944 ratio
752 898 852 954 fert,
893 905 940 941 ut
969 898 1220 957 praecipue
1240 897 1445 957 epistolas
1476 897 1534 958 ad
1564 898 1754 942 Atticum
1785 898 1909 965 datas
1939 913 2171 957 sequamur
2207 907 2252 971 et
2278 899 2413 960 fibris,
2454 916 2561 960 quos

358 974 517 1024 Cicero
547 977 631 1023 hoc
658 986 850 1037 tempore
882 976 1036 1022 multos
1068 978 1253 1036 scripsit,
1283 977 1436 1022 leviter
1462 985 1626 1022 tantum
1661 978 1784 1022 tactis
1816 984 1860 1022 in
1887 963 2020 1024 rebus
2049 968 2225 1038 gestis,
2220 960 2339 1039 quae
2369 983 2427 1026 ad
2455 998 2562 1026 rem-

358 1058 579 1118 publicam
608 1059 876 1118 spectabant,
909 1058 1182 1116 explicandis
1212 1074 1449 1102 versemur.
1509 1059 1692 1116 Agimus
1723 1060 1855 1117 igitur

482 1194 532 1271 Ι.
583 1194 662 1271 de
707 1197 861 1296 ipsa
910 1193 1236 1273 Ciceronis
1284 1198 1462 1271 inter
1506 1193 1658 1271 belli
1707 1195 1914 1272 civilis
1963 1196 2208 1274 turbas
2255 1201 2418 1292 vita.

527 1326 630 1370 Jam
660 1341 766 1369 vero
808 1341 862 1369 ne
894 1327 1107 1369 factorum
1148 1328 1303 1369 seriem
1344 1335 1472 1384 atque
1512 1327 1843 1384 perpetuitatem
1885 1326 2121 1386 turbemus,
2160 1342 2231 1371 res
2271 1327 2401 1388 paulo
2438 1328 2572 1372 altius.

356 1406 625 1466 repetendae
656 1415 796 1451 erunt.
839 1407 1010 1450 Idcirco
1050 1407 1106 1450 ab
1149 1422 1261 1450 anno
1293 1406 1412 1449 urbis
1451 1407 1650 1450 conditae
1692 1407 1776 1450 702
1813 1408 2032 1459 ordiemur
2072 1417 2116 1453 et
2150 1410 2339 1467 quinque
2368 1408 2565 1467 partibus

354 1488 673 1533 enarrationem
704 1495 896 1532 nostram
927 1487 1215 1531 absolvemus.
1264 1487 1466 1545 &Agemus
1497 1489 1611 1531 enim
1645 1487 1699 1531 de
1732 1490 1943 1532 Cicerone
2456 1481 2461 1483 Α

637 1570 672 1612 l.
706 1567 888 1612 Ciliciae
918 1568 1189 1628 proconsule,

629 1649 670 1694 2.
701 1650 841 1708 primo
873 1648 974 1693 belli
1006 1650 1143 1694 civilis
1173 1659 1366 1709 tempore
1398 1652 1439 1693 in
1474 1650 1598 1694 ltalia
1627 1645 1784 1700 reside,

631 1731 668 1774 3.
702 1731 745 1774 iu
777 1731 931 1775 castris
960 1731 1156 1790 Pompcji
1188 1739 1405 1786 versante,

634 1812 675 1855 4.
706 1810 802 1854 sub>
823 1811 1026 1854 Caesaris
1058 1811 1280 1855 dominatu
1311 1813 1354 1855 in
1386 1812 1606 1854 literarum
1640 1811 1792 1854 studiis
1823 1810 2101 1854 delitescente
2133 1819 2176 1855 et

633 1892 674 1935 5.
706 1899 804 1949 post
834 1890 1069 1934 Caesarem
1100 1892 1375 1935 interfectum
1406 1892 1464 1934 ad
1494 1890 1760 1949 respublicas
1791 1906 1981 1935 reverso.

978 2010 1018 2057 1.
1055 2009 1132 2058 De
1155 2001 1423 2057 'cicerone
1462 2008 1673 2056 ciliciae
1711 2008 1941 2056 consule.

796 2109 827 2143 A
853 2118 970 2144 mense
995 2106 1093 2154 Majo
1116 2108 1203 2144 anni
1229 2108 1297 2143 ‘103
1321 2118 1436 2154 usque
1460 2107 1505 2143 ad
1531 2107 1740 2143 ,Ianuarium
1764 2117 1918 2144 mensem
1941 2108 2023 2143 anni
2048 2107 2126 2143 705.

533 2190 743 2250 Pompejo
773 2198 871 2233 tert.
904 2205 990 2232 cos.
1023 2189 1126 2246 (702
1155 2206 1196 2248 p.
1232 2205 1272 2233 u.
1305 2190 1361 2244 c.)
1395 2189 1482 2232 lata
1512 2196 1605 2231 crat
1634 2188 1719 2243 lex,
1750 2204 1805 2231 ne
1836 2190 1908 2247 qui
1930 2189 2209 2247 magistratus
2239 2197 2340 2233 ante
2370 2190 2562 2248 quintum

351 2287 484 2331 quam
513 2285 693 2314 munere
723 2270 985 2314 decessisset
1015 2285 1175 2312 annum
1206 2270 1248 2312 in
1270 2269 1537 2328 provinciam
1569 2268 1723 2312 abiret.
1775 2268 1905 2324 Quod
1933 2276 1982 2313 ut
2010 2269 2106 2314 fieri
2128 2277 2287 2330 posset,
2318 2272 2561 2329 quicunque

348 2339 434 2397 viri
463 2351 713 2397 consulares
742 2350 997 2410 provinciali
1040 2364 1218 2394 munere
1261 2348 1452 2393 nondum
1486 2357 1631 2393 essent
1660 2350 1808 2406 functi,
1847 2365 1962 2394 anno
1999 2357 2207 2409 sequente
2246 2349 2305 2394 ad
2344 2348 2449 2394 illud
2489 2349 2562 2393 ad·

350 2427 685 2478 ministrandum
715 2433 932 2492 proficisci
956 2431 1067 2490 jussi
1099 2438 1212 2474 sunt.
1252 2429 1321 2473 Ea
1350 2429 1423 2473 lex
1454 2430 1581 2473 etiam
1611 2429 1669 2473 ad
1705 2428 1961 2473 Ciceronem
1991 2429 2228 2489 spectabat.
2268 2416 2400 2474 'Nam
2432 2446 2563 2490 quum

350 2514 590 2558 industriae
620 2513 814 2557 urbanae
830 2527 1017 2566 ,omnem
1046 2526 1135 2571 qua
1163 2510 1349 2554 florebat
1377 2511 1556 2568 gloriam
1588 2510 1779 2566 deberet,
1821 2511 2071 2570 provinciae
2102 2524 2310 2570 praeesse·
2343 2526 2562 2569 nunquam

269 2613 276 2623 ι
335 2593 564 2639 voluerat.
624 2594 727 2639 Jam
756 2594 889 2654 igitur
931 2600 973 2636 et
1013 2592 1097 2652 ipsi
1127 2589 1234 2636 urbe
1274 2599 1369 2635 erat
1398 2590 1710 2649 decedendum,
1747 2583 2007 2651 sortitusque
2048 2586 2246 2645 Ciliciam
2276 2590 2333 2635 ad
2363 2606 2460 2635 eam
2488 2591 2562 2635 ad·

350 2674 683 2719 ministrandam
702 2676 878 2718 ineunte
906 2684 1055 2717 mense
1074 2673 1192 2733 majo
1221 2670 1322 2717 anni
1352 2672 1437 2717 703
1467 2672 1640 2729 (servio
1671 2672 1862 2732 Sulpicio
1881 2656 2007 2728 Ruso,
2034 2672 2092 2716 M.
2115 2671 2300 2717 claudio
2321 2671 2379 2716 Μ.
2399 2671 2428 2716 s.
2449 2671 2562 2717 Mar-

348 2755 458 2800 cello
489 2754 619 2812 coss.)
650 2754 869 2814 profectus
900 2762 979 2799 est.
1038 2754 1259 2800 Decessus
1290 2753 1382 2813 ejus
1415 2753 1456 2798 in
1489 2754 1627 2814 ipsum
1659 2751 1924 2813 reipublicae
1951 2752 2182 2798 discrimen
2213 2751 2377 2798 incidit.
2436 2751 2562 2797 Prius

347 2837 464 2881 enim
506 2851 637 2895 quam
677 2834 803 2880 Italia
843 2835 1043 2891 excessit,
1074 2842 1251 2880 senatus
1282 2836 1516 2879 auctoritas
1547 2835 1794 2893 conscripta
1823 2841 1932 2885 erat.
1971 2842 2018 2879 ιιι
2047 2832 2229 2879 Caesari
2259 2829 2425 2879 Gallias
2455 2831 2561 2877 obti-

345 2916 468 2962 nenti
497 2914 814 2960 succederetur.
872 2916 1065 2973 Tarenti,
1095 2931 1181 2976 quo
1212 2930 1252 2959 a.
1284 2915 1323 2958 d.
1357 2915 1461 2960 XV.v
1489 2914 1581 2961 Cal.
1612 2915 1643 2961 J
1645 2932 1716 2960 un.
1747 2915 1880 2972 venit,
1912 2914 2067 2959 Cicero
2097 2904 2299 2959 triduum
2318 2929 2415 2958 cum
2435 2905 2559 2957 Pom·

344 2977 447 3059 pejo
479 3003 525 3042 et
552 2995 670 3056 apud
699 2995 952 3056 Pompejum
982 2995 1116 3041 multa
1155 2995 1211 3040 de
1240 2993 1507 3054 reipublicae
1537 2997 1703 3041 ratione
1734 2995 1952 3053 disseruit,
1992 2994 2049 3040 ad
2089 2996 2210 3055 cujus
2240 2993 2437 3054 pericula
2463 3004 2558 3053 pro·

342 3069 561 3138 pulsanda
587 3070 707 3121 illum
724 3069 784 3120 ‘se
814 3077 1129 3135 paratissimum
1161 3076 1386 3121 invenisse
1410 3077 1554 3121 Attico
1576 3092 1653 3121 suo
1674 3076 1837 3122 scribit.
1875 3072 2010 3132 ¹Quae
2031 3091 2102 3121 res
2125 3071 2349 3121 Ciceronis
2368 3074 2555 3120 animum
