2806 3581
1362 188 1426 239 13

1254 257 1459 268 txsxrvvxrvxq
1468 258 1523 267 *ww

288 338 507 401 quedem
532 339 787 399 conjunctio
803 339 919 383 inter
948 337 1192 383 Caesarem·
1211 346 1269 394 et¹
1284 338 1538 384 Ciceronem
1576 354 1656 399 per
1691 340 1803 384 illius
1843 340 2090 387 familiares.
2158 342 2326 387 Hirtius
2366 343 2482 387 enim

286 418 591 467 etnohbesss
619 426 665 464 et
690 418 765 464 alii
791 419 1080 480 spedipsum
1109 418 1385 464 declamitare
1407 419 1624 479 solebant,
1652 421 1747 480 ipse
1775 422 1892 481 apud
1919 421 2015 466 illos
2044 423 2277 480 coenitare,
2314 434 2362 468 ut
2382 426 2477 485 jam

286 502 397 549 alter
445 500 685 560 Dionysius
733 499 821 545 sibi-
865 499 1127 556 videretur,
1160 502 1234 559 qui
1274 501 1502 560 Syracusis
1554 502 1762 561 expulsus
1798 502 1947 548 ludum
1990 502 2190 548 Corinthi
2232 507 2484 564 aperuisset.

289 583 414 639 Quae
442 582 775 627 exercitationes
805 589 865 638 ut,
904 596 992 640 quo
1028 582 1188 641 ipsum⁴
1208 581 1493 639 oblectarent,
1533 582 1755 628 habebant
1802 585 1872 639 (iis
1911 585 2027 628 enim
2065 585 2124 628 ad
2162 586 2246 630 ista
2282 592 2480 645 tempora

285 678 334 709 se
360 662 582 708 muniebat
611 670 656 707 et
682 661 988 720 valetudinem,
1017 676 1148 722 qnam
1174 662 1431 706 intermissis
1460 663 1840 708 exercitationibus
1863 665 1957 724 jam
1976 666 2193 722 amiserat,
2223 667 2479 712 restituebat

285 743 553 801 etc-vebat,
571 758 629 787 ne
659 742 831 787 dicendi
878 742 1060 787 facultas
1089 741 1404 799 exaoesceoet):
1424 743 1484 787 ita
1501 743 1668 803 largum
1685 743 1815 788 nobis
1835 746 1966 789 etiam
1984 738 2169 790 fructum
2197 755 2478 806 paraverunt,

286 827 324 871 si
353 840 503 869 verum
534 832 601 868 est
626 838 707 868 nos
734 824 797 867 eis
828 823 913 867 duo
946 822 1170 886 Ciceronis
1199 838 1333 883 opera
1362 825 1734 883 praestantissima
1763 824 1936 883 debere,
1957 826 2189 870 Oratorem
2219 826 2318 871 dico
2348 836 2478 888 atque

283 907 489 963 Brutum,
518 906 654 950 altero
683 905 795 948 libro
823 905 1020 961 oratoris,
1055 909 1182 963 quein
1211 905 1307 963 ipse
1334 905 1573 964 perfectum
1593 905 1834 965 judicabat,
1864 909 2054 967 effigiem
2082 908 2209 952 nobis
2240 912 2475 968 proposuit,

284 987 419 1033 altero
447 987 620 1046 planam
650 985 829 1031 exhibet
856 985 1129 1045 eloquentiae
1156 985 1379 1030 Romanae
1408 985 1629 1031 historiam
1659 987 1830 1031 insertis
1851 988 1991 1033 multis
2022 989 2078 1033 de
2109 990 2273 1048 optimo
2305 990 2479 1036 dicendi

284 1083 446 1127 genere
479 1068 714 1113 sententiis.

455 1149 537 1192 His
565 1147 788 1192 literarum
817 1146 971 1191 studiis
1000 1154 1255 1206 occupatum
1284 1149 1416 1192 etiam
1446 1147 1707 1192 domesticae
1738 1162 1867 1191 curae
1897 1149 2197 1195 conficiebant.
2271 1150 2480 1194 Terenfia

285 1232 414 1287 enim,
444 1228 668 1274 Ciceronis
696 1243 822 1284 uxor,
851 1235 1092 1285 temporum
1120 1226 1271 1271 habita
1297 1227 1465 1271 ratione
1498 1227 1628 1283 nulla,
1667 1228 1880 1271 maximas
1920 1229 2134 1273 effuderat
2170 1232 2391 1288 pecunias,
2432 1240 2480 1274 ut

274 1313 369 1372 jam
406 1311 585 1355 maritus
621 1323 892 1368 summopere
930 1307 1148 1352 laboraret
1174 1323 1339 1367 neque,
1376 1323 1463 1367 qua
1496 1309 1663 1353 ratione
1704 1323 1752 1352 se
1791 1309 2038 1367 expediret,
2078 1311 2274 1355 invenire
2312 1321 2474 1370 posset.

282 1393 434 1451 Itaque
464 1405 562 1435 eam
590 1404 661 1434 res
692 1403 792 1433 suas
831 1388 918 1432 sibi
959 1386 1122 1432 habere
1153 1388 1297 1447 jussit.
1369 1388 1467 1447 lpse
1505 1395 1661 1444 autem,
1701 1404 1833 1448 quum
1862 1389 2033 1435 videret
2060 1391 2266 1451 majorem
2306 1393 2478 1452 corpori

282 1472 530 1517 habendam
559 1485 671 1515 esse‘
686 1484 846 1526 curam,
875 1484 955 1528 per
982 1468 1158 1528 aliquod
1185 1475 1355 1529 tempus
1383 1468 1508 1513 villas
1548 1484 1648 1514 suas
1679 1470 1903 1515 lustrabat.
1961 1471 2070 1516 lnde
2098 1473 2279 1516 Romam
2319 1474 2475 1530 redux,

282 1554 410 1599 saluti
438 1553 674 1598 amicorum
704 1549 988 1609 quorundam,
1018 1550 1093 1609 qui
1121 1565 1217 1593 cum
1253 1550 1454 1610 Pompejo
1484 1550 1665 1607 fixerant,
1707 1552 1754 1595 in
1783 1550 1850 1594 his
1890 1551 1950 1596 M.
1979 1552 2186 1610 Marcelli,
2226 1561 2270 1598 et
2298 1554 2477 1613 Ligarii,

280 1635 517 1695 prospexit.
566 1632 830 1691 Marcellum,
850 1632 924 1690 qui
942 1639 1042 1689 post
1060 1645 1250 1689 pugnam
1271 1630 1558 1675 Pharsalicam
1573 1631 1809 1690 Mytilenae
1829 1631 2032 1690 degebat,
2050 1632 2205 1677 Cicero
2221 1634 2472 1692 identidem,

280 1724 329 1760 ut
360 1715 542 1759 Caesari
571 1730 619 1757 se
649 1713 933 1768 submitteret,
962 1719 1057 1755 erat
1084 1711 1290 1756 hortatus.
1348 1711 1480 1766 Quod
1508 1712 1582 1756 ubi
1609 1712 1680 1755 ille
1711 1720 1960 1756 constanter
1977 1715 2206 1769 recusavit,
2235 1714 2382 1759 oblata
2408 1724 2474 1759 est

284 1798 349 1840 rei
379 1793 681 1853 expediendae
711 1793 1024 1851 opportunitas,
1058 1806 1201 1849 quum,
1231 1792 1448 1835 mentione
1487 1807 1514 1835 a
1543 1792 1595 1836 L.
1635 1792 1796 1836 Pisone
1836 1793 1952 1837 facta
1991 1793 2046 1837 de
2084 1794 2301 1850 Marcello,
2342 1795 2479 1854 Gajus

279 1876 413 1921 frater
444 1890 492 1919 se
520 1874 578 1918 ad
611 1873 815 1918 Caesaris
844 1871 978 1931 pedes
1009 1870 1240 1931 abjecisset
1268 1878 1531 1931 cunctusque
1560 1880 1735 1916 senatus
1765 1881 2049 1932 consurgeret
2079 1882 2124 1918 et
2151 1874 2209 1918 ad
2238 1874 2477 1920 Caesarem

282 1957 467 2015 supplex
510 1955 750 1999 accederet.
824 1953 938 1996 Tum
983 1951 1130 1995 consul
1172 1959 1377 1996 accusata
1414 1953 1606 1996 Marcelli
1643 1953 1881 1997 acerbitate
1921 1962 2102 2012 repente
2140 1963 2314 2013 praeter
2355 1972 2477 2014 spem

281 2037 403 2094 dixit,
434 2052 481 2080 se
520 2036 689 2079 senatui
727 2034 897 2092 roganti
939 2032 995 2076 de
1034 2033 1237 2077 Marcello
1276 2048 1334 2077 ne
1374 2033 1556 2077 hominis
1595 2033 1770 2091 quidem
1812 2039 1945 2083 eata
1981 2041 2255 2111 negatiffum.
2324 2037 2477 2094 Itaque

280 2125 501 2161 senatores
530 2116 766 2160 sententias
795 2121 895 2157 sunt
922 2114 1077 2171 rogati.
1135 2113 1260 2168 Quae
1289 2129 1360 2157 res
1390 2114 1655 2168 Ciceronem,
1698 2114 1772 2170 qui
1811 2114 1856 2156 in
1895 2121 2151 2172 perpetuum
2191 2122 2335 2159 tacere
2378 2131 2477 2160 con-

280 2200 490 2254 stituerat,
519 2205 568 2241 ut
595 2195 790 2256 pluribus
818 2194 965 2238 verbis
995 2193 1176 2238 Caesari
1204 2195 1368 2252 gratias
1398 2202 1561 2253 ageret,
1590 2194 1835 2238 commovit.
1897 2194 2011 2237 Num
2038 2196 2191 2251 oratio,
2221 2211 2334 2254 quae
2361 2197 2475 2240 Mar-

280 2279 377 2324 celli
403 2279 576 2324 nomine
605 2283 761 2332 exstat,
789 2276 980 2336 genuina
1008 2276 1075 2332 sit,
1103 2273 1184 2319 sub
1206 2273 1358 2334 judice
1387 2274 1561 2334 quidem
1590 2274 1719 2319 etiam
1753 2274 1806 2318 lis
1846 2282 1935 2330 est;
1976 2282 2022 2319 at
2060 2275 2255 2334 profecto
2295 2286 2474 2334 constat,

280 2369 377 2399 eum
418 2354 532 2399 diem
577 2355 639 2398 ita
678 2355 762 2414 ipsi
795 2354 989 2416 pulcrum
1028 2355 1166 2398 visum
1206 2369 1326 2412 esse,
1366 2363 1414 2400 ut
1452 2356 1637 2415 speciem
1675 2355 1863 2414 aliquam
1903 2354 2127 2400 videretur
2164 2356 2314 2401 videre
2355 2359 2479 2417 quasi

280 2436 579 2480 reviviscentis
609 2434 885 2494 reipublicae.

453 2516 525 2560 Ad
555 2516 778 2574 Ligerim
808 2531 918 2560 vero
949 2516 1065 2575 quod
1095 2517 1293 2575 pertinet,
1322 2519 1398 2576 qui
1426 2526 1524 2577 post
1550 2518 1689 2561 victos
1726 2517 1771 2560 in
1810 2517 1962 2561 Africa
1991 2518 2276 2578 Pompejanos
2316 2521 2407 2563 vita
2447 2535 2474 2563 a

281 2596 470 2641 Caesare
500 2598 730 2656 impetrata
758 2598 805 2641 in
834 2597 965 2642 exilio
993 2597 1182 2654 vivebat,
1203 2598 1298 2657 jam
1326 2612 1434 2642 vero
1462 2613 1490 2641 a
1517 2597 1747 2641 Tuberone
1777 2598 1865 2642 filio
1905 2598 1960 2642 de
1999 2600 2044 2642 vi
2082 2608 2307 2644 accusatus
2347 2609 2474 2657 erat3

281 2673 435 2722 Cicero
466 2693 494 2721 a
518 2678 684 2736 ligat-ii
713 2678 919 2723 fratribus
946 2685 1126 2737 ⁸rogatus
1146 2692 1274 2721 mane
1293 2678 1353 2722 ad
1370 2678 1605 2723 Caesarem
1624 2679 1745 2721 venit
1765 2688 1820 2735 et,
1841 2694 1973 2737 quum
1992 2679 2149 2723 fratres
2179 2688 2223 2723 et
2241 2682 2473 2740 propinqui

280 2774 327 2802 se
356 2759 415 2803 ad
442 2759 621 2819 hujusce
661 2759 798 2818 pedes
836 2760 1183 2818 prostravissent,
1221 2760 1462 2803 orationem
1500 2758 1649 2803 habuit
1688 2759 2043 2818 deprecatoriam,
2083 2761 2206 2819 cujus
2248 2762 2295 2804 vi
2335 2763 2476 2806 victus

279 2838 506 2899 Ligarium
528 2841 709 2885 crimine
737 2839 951 2884 liberavit.
1010 2839 1144 2884 Vario
1174 2854 1271 2883 cum
1300 2854 1502 2883 successu
1531 2840 1660 2883 etiam
1688 2840 1734 2882 in
1762 2839 1944 2884 aliorum
1963 2841 2212 2898 amicorum,
2242 2840 2473 2899 Caecinae,

283 2919 506 2978 Trebiani,
535 2921 711 2980 Nigidii,
740 2922 900 2979 Ampii,
926 2920 1116 2979 periculo
1137 2921 1467 2965 averruncando
1487 2927 1692 2979 operatus
1721 2928 1799 2964 est.
1859 2921 1950 2964 Sed
1967 2922 2099 2965 finem
2117 2921 2221 2965 fecit
2240 2922 2308 2966 his
2321 2924 2477 2968 studiis

284 2986 485 3049 Caesaris
512 3001 586 3047 ad
601 3001 762 3062 bellum
790 3002 1079 3061 Hispaniense
1109 3001 1334 3060 profectio,
1369 3016 1482 3060 quae
1520 3002 1668 3061 paucis
1708 3000 1861 3046 diebus
1900 3010 2002 3046 ante
2041 3002 2210 3047 initium
2249 3005 2353 3048 anui
2392 3006 2477 3050 709

281 3084 440 3127 evenit.
500 3082 657 3143 Cicero
685 3091 734 3128 ut
757 3082 924 3141 grande
953 3098 1029 3128 aes
1047 3082 1235 3130 alienum
1254 3081 1515 3128 dissolveret
1533 3098 1708 3142 remque
1729 3082 1926 3128 reficeret
1945 3082 2213 3141 familiarem,
2233 3083 2477 3144 Publiliam,

2197 3176 2214 3202 3
