2806 3581
955 677 1511 832 Ciceronis
1568 652 1873 847 vita,

560 897 831 973 inter
874 899 1238 977 turbas
1285 899 1535 972 belli
1582 899 1916 973 civilis
1964 901 2224 972 acta·

299 1138 392 1215 Ex
423 1166 621 1213 omuibus
649 1166 780 1211 rebus
807 1167 958 1225 gestis,
988 1181 1098 1227 quae
1118 1172 1316 1223 veterum
1345 1173 1584 1224 temporum
1605 1168 1813 1212 memoria
1841 1167 1968 1211 nobis
1999 1174 2100 1211 sunt
2119 1167 2317 1223 traditae,
2346 1168 2499 1211 nescio

299 1262 358 1291 an
384 1245 504 1291 nulla
533 1239 601 1303 sit,
632 1237 744 1306 quae
763 1246 1018 1306 scriptorum
1046 1253 1196 1290 nostra
1214 1252 1358 1291 aetate
1377 1245 1620 1292 florentium
1639 1246 1896 1292 industriam
1916 1247 2056 1306 magis
2077 1247 2334 1303 exercuerit,
2363 1261 2496 1306 quam

298 1341 508 1386 praeceps
537 1326 699 1370 liberae
729 1325 992 1385 reipublicae
1024 1326 1247 1370 Romanae
1287 1327 1498 1369 interitus.
1557 1327 1649 1370 Nec
1687 1328 1838 1370 merito
1868 1327 1914 1370 id
1942 1328 2005 1371 ita
2033 1328 2194 1370 factum
2223 1327 2496 1385 negabimus,

298 1406 381 1451 Est
410 1407 525 1450 enim
554 1414 597 1450 et
625 1407 722 1466 ipsa
750 1421 820 1450 res
853 1406 1198 1451 consideratione
1233 1416 1282 1450 ut
1308 1409 1498 1451 maxime
1529 1407 1673 1466 digna,
1715 1415 1759 1451 et
1786 1407 1931 1463 habet,
1973 1422 2086 1466 quae
2115 1414 2359 1451 nostrorum
2390 1415 2495 1451 tem·

298 1503 452 1547 porum
481 1494 662 1531 naturae
701 1495 788 1532 tam
820 1488 905 1531 sint
933 1489 1175 1546 propinqua
1216 1498 1259 1531 et
1299 1495 1496 1547 cognata,
1535 1496 1593 1544 ut,
1634 1489 1669 1531 si
1702 1488 1878 1531 nomina
1918 1489 2126 1540 omiseris,
2167 1488 2222 1531 de
2256 1489 2496 1532 recentium

300 1570 518 1613 civitatum
549 1568 648 1612 fatis
679 1568 834 1612 disseri
863 1568 990 1612 liceat
1009 1570 1232 1628 suspicari.
1293 1568 1494 1614 Occurrit
1513 1569 1664 1613 eadem
1694 1568 1853 1628 agendi
1883 1576 1927 1613 et
1946 1568 2165 1628 cogitandi
2195 1570 2319 1625 ratio,
2350 1584 2496 1613 occur·

298 1658 399 1695 runt
447 1650 599 1694 eadem
649 1650 791 1694 studia
829 1650 1092 1709 eaedemque
1142 1638 1413 1709 cupiditates,
1464 1658 1690 1695 occurrunt
1729 1650 1910 1694 eaedem
1952 1650 2188 1694 occidentis
2229 1649 2495 1709 reipublicae

299 1732 521 1776 Romanae
553 1746 722 1788 causae,
755 1731 911 1790 quibus
934 1739 976 1775 et
996 1733 1153 1775 nostris
1173 1732 1440 1791 temporibus
1461 1733 1658 1776 civitates
1678 1733 1922 1776 imminutas
1946 1731 2158 1776 videmus.
2203 1730 2322 1786 Quid
2347 1731 2496 1774 enim?

299 1814 438 1858 Roma
451 1813 589 1858 libera
603 1827 698 1857 esse
716 1809 854 1869 desiit,
879 1824 1012 1869 quum
1028 1812 1225 1856 libertate
1242 1811 1375 1871 digna
1390 1828 1486 1857 esse
1504 1812 1708 1869 desisset3
1727 1813 1792 1856 sui
1801 1813 1913 1872 juris
1930 1827 2026 1856 esse
2043 1812 2220 1868 destitit,
2236 1812 2339 1870 quia
2348 1811 2499 1855 factio·

300 1893 429 1937 nibus
444 1892 538 1951 plus
547 1894 675 1952 juris,
698 1908 826 1951 quam
843 1892 1044 1949 debebat,
1069 1900 1362 1950 concesserat3
1389 1895 1514 1937 unius
1540 1893 1621 1936 viri
1638 1907 1845 1951 perpessa
1871 1899 1937 1935 est
1963 1892 2242 1946 dominatum,
2266 1899 2495 1950 postquam

299 1973 444 2032 legum
460 1974 573 2017 vires
590 1980 634 2017 et
647 1974 946 2017 auctoritatem
960 1973 1139 2032 infringi
1158 1988 1290 2032 passa
1305 1966 1394 2018 est(
1416 1974 1668 2018 Nostrorum
1695 1980 1936 2032 temporum
1955 1972 2261 2016 certaminibus
2286 1973 2497 2015 interesse

300 2054 426 2098 nobis
438 2053 648 2110 videmur,
659 2053 735 2097 ubi
745 2055 901 2111 varias,
913 2069 1024 2112 quae
1036 2054 1091 2097 de
1107 2055 1375 2114 principibus
1390 2055 1501 2099 illius
1517 2055 1720 2114 temporis
1735 2055 1839 2101 viris
1851 2053 2114 2109 ferebantur,
2131 2054 2367 2097 sententias
2383 2054 2498 2096 inter

302 2149 349 2179 se
377 2149 688 2195 comparamus.
747 2133 858 2178 Illud
886 2135 1069 2201 spx-tasse
1097 2135 1278 2192 mireris,
1310 2135 1415 2195 quid
1445 2136 1511 2192 sit,
1542 2135 1671 2194 quod,
1701 2151 1832 2194 quum
1863 2136 2200 2194 praestantiores
2229 2135 2497 2193 antiquitatis

301 2216 531 2275 scriptores
561 2215 652 2259 fere
682 2231 740 2258 ex
759 2215 954 2275 Pompeji
972 2216 1167 2275 partibus
1189 2217 1400 2274 steterint,
1429 2218 1692 2261 recentiores
1712 2224 1878 2260 tantum
1906 2231 1993 2259 non
2015 2230 2164 2259 omnes
2184 2231 2282 2259 cum
2306 2215 2496 2259 Caesare

301 2294 476 2341 faciant.
533 2296 733 2340 Profecto
773 2311 860 2340 non
891 2295 1070 2341 multum
1099 2295 1235 2354 abest,
1276 2302 1382 2357 quin
1412 2298 1666 2360 Drumanni,
1696 2297 1935 2353 Momsenii‚
1977 2295 2192 2340 Ludovici
2223 2295 2497 2355 Napoleones

303 2377 388 2421 viri
428 2378 604 2421 victoris
633 2377 854 2436 ingenium
893 2376 952 2420 ‘ad
982 2377 1250 2421 divinitatem
1280 2379 1445 2424 tollant,
1504 2380 1628 2434 Quae
1669 2380 1751 2423 viri
1789 2378 1907 2422 haud
1946 2376 2077 2422 dubie
2115 2378 2261 2435 magni
2290 2377 2498 2432 adoratio,

303 2469 399 2500 cum
417 2457 536 2515 genii
556 2456 671 2500 cultu
701 2471 829 2516 quem
848 2463 1061 2500 nostrates
1082 2456 1231 2504 dicunt
1258 2462 1501 2520 conjuncta,
1521 2475 1781 2520 quamquam
1811 2458 1955 2514 habet,
1984 2472 2069 2516 quo
2090 2459 2280 2500 animum
2301 2464 2497 2500 nostrum

305 2536 510 2593 offendat,
538 2536 714 2580 tolerari
743 2543 889 2581 tamen
916 2543 1082 2596 potest3
1113 2535 1242 2580 modo
1271 2551 1328 2579 ne
1359 2536 1550 2596 superba
1580 2537 1793 2596 quaedam
1825 2540 2084 2598 contemptio
2114 2539 2303 2581 omnium
2336 2552 2499 2594 eorum,

304 2617 376 2676 qui
418 2632 476 2661 ex
501 2616 654 2662 *altera
693 2625 817 2676 parte
853 2624 1072 2674 steterant,
1111 2615 1297 2662 admista
1335 2615 1402 2663 sit.
1461 2618 1561 2662 Jam
1600 2633 1703 2662 vero
1745 2618 1884 2662 eidem
1914 2618 1973 2662 illi
2004 2619 2233 2677 scriptores
2264 2632 2501 2677 eorumque

305 2704 553 2764 sectatores,
595 2705 643 2742 ut
681 2699 808 2742 istum
848 2713 969 2743 suum
1007 2697 1182 2742 heroem
1221 2696 1458 2757 majoribus
1495 2697 1694 2742 laudibus
1734 2699 1886 2742 efferre
1927 2700 2105 2757 possint,
2150 2713 2240 2742 non
2279 2697 2418 2743 solum
2456 2700 2503 2743 in

303 2777 570 2849 Pompejum,
600 2793 752 2823 verum
782 2780 910 2823 etiam
940 2780 986 2822 in
1013 2778 1135 2834 alios,
1164 2778 1239 2836 qui
1267 2785 1315 2821 ut
1341 2779 1390 2822 in
1418 2780 1504 2823 ista
1530 2778 1756 2836 tragoedia
1785 2779 1998 2822 secundas
2029 2785 2176 2836 partes
2207 2786 2404 2837 egerunt,
2442 2781 2504 2823 ita

307 2857 363 2902 de
390 2846 615 2918 republica
642 2858 786 2904 multis
815 2858 960 2903 modis
993 2858 1104 2903 bene
1132 2867 1393 2916 meruerant,
1432 2858 1830 2903 vehementissimos
1860 2858 2152 2902 exacerbatae
2191 2860 2284 2903 irae
2314 2860 2502 2918 impetus

306 2937 543 3008 effundunt.
602 2939 722 2984 Inter
761 2954 849 2996 eos,
888 2938 1044 2998 quibus
1081 2940 1170 2983 suis
1208 2937 1375 2983 artibus
1412 2938 1604 2984 lauream
1643 2948 1706 2984 tot
1743 2938 2013 2983 saeculorum
2048 2954 2265 2985 consensu
2295 2939 2502 2984 tributam

307 3017 474 3079 eripere
514 3020 660 3084 conati
688 3027 800 3075 sunt,
839 3020 1076 3082 principem
1115 3019 1206 3065 fere
1237 3018 1378 3065 locum
1419 3019 1574 3065 Cicero
1613 3019 1790 3077 obtinet,
1829 3020 1874 3064 in
1913 3035 2041 3081 quem
2078 3035 2228 3065 omnes
2269 3019 2505 3065 verborum

2802 638 2804 641 .
2777 470 2806 625 wsb-331¹.
