2806 3581
1432 178 1497 230 16

359 325 1098 385 etistej-›euorogi-officinm
1135 340 1263 370 snum
1297 327 1529 384 praestitit,
1567 327 2559 388 qmmnepusperfidnperPhbppmn

358 416 535 453 servum
562 405 722 451 medici
751 405 893 453 locum
922 406 1200 452 obtinentem·
1218 406 1492 452 insimulatus
1519 406 1802 466 meaque&
1817 406 2326 467 cmv-pedanum
2364 410 2560 454 versanti

358 485 536 534 fecisset
552 485 756 533 dnn-ain.
779 502 789 512 ·
814 486 973 546 Legati
1002 485 1200 545 Dejouri
1227 496 1408 532 ‘causam
1435 487 1496 533 ad
1525 486 1795 533 Ciceronem
1811 487 2076 545 deidei-am,
2101 489 2329 548 adipum
2346 488 2559 548 Deiotari

358 566 575 626 hequem
613 572 660 611 et
692 567 899 614 amicum-
974 567 1017 611 Is
1059 572 1440 626 suscepta'eausa
1482 567 2024 614 commonentes-tra
2067 568 2326 614 domesticos
2370 570 2559 629 parietes

357 646 856 707 quotstnmdefondn.
913 646 1052 708 Quod·
1083 662 1172 708 quo
1210 656 1426 695 successu?
1455 649 1620 703 fecerit,
1663 664 1750 695 non
1784 654 1981 708 constat,
2021 651 2129 695 cerh'
2167 651 2283 694 enim
2313 649 2471 695 -earde
2510 665 2559 694 re

356 728 559 776 utibilest
585 728 818 791 preditum.
878 728 939 772 At
974 743 1112 788 quum
1150 727 1308 774 Cicero
1349 730 1479 774 etiam
1500 731 1563 773 'in
1603 730 1797 775 secunda
1814 730 2030 774 moratione
2071 729 2308 790 philsppica
2341 732 2559 787 neminem

356 810 560 869 σαίρω
597 810 881 854 inimiciorem
919 808 1055 854 fuisse
1094 807 1230 866 ὅσοι,
1266 824 1397 869 quam
1437 810 1649 869 Deiotaro
1669 809 1928 867 Caesarem,
1957 824 2105 870 quum,
2133 823 2248 870 quae
2273 810 2412 873 addit,
2439 810 2559 856 istud

356 889 506 937 odium
532 888 675 952 usque
702 889 762 934 ad
790 888 997 935 Caesaris
1021 895 1206 936 mortem
1235 890 1533 935 continuatum
1567 902 1665 934 esse
1693 891 1900 935 innuant:
1937 889 2043 935 nou'
2063 898 2143 948 est,
2183 891 2305 950 quod
2342 897 2561 952 putemus,

358 971 587 1019 Ciceronis
629 986 708 1032 pro
750 977 903 1016 vetere
944 970 1115 1030 bospite
1159 984 1337 1030 operam
1382 970 1568 1016 feliciter
1611 972 1806 1016 cessisse.
1881 971 2006 1029 Quae
2043 977 2187 1017 tamen
2226 987 2298 1017 res
2334 977 2422 1017 non
2461 978 2558 1017 erat

358 1053 683 1114 impedimento,
713 1053 945 1112 quominus
973 1049 1141 1096 Caesar
1180 1058 1396 1111 pergeret,
1434 1067 1678 1112 propensae
1716 1053 1762 1097 in
1801 1051 2058 1098 Ciceronem
2095 1053 2329 1098 voluntatis
2367 1055 2555 1113 speciem

354 1150 463 1195 prae
493 1151 540 1179 se
568 1135 695 1185 ferre.
752 1133 876 1188 Quint
898 1132 1008 1178 adiit
1036 1133 1168 1177 etiam
1198 1124 1298 1176 euin
1333 1133 1377 1176 in
1408 1131 1645 1176 Puteolano
1682 1133 1878 1192 praedio,
1915 1149 2052 1197 quum
2091 1134 2223 1194 Bajas
2260 1136 2344 1178 iter
2378 1134 2580 1190 faceret,'

354 1217 495 1282 tertiis
523 1213 827 1261 Saturnalibus
855 1215 884 1259 i.
914 1228 952 1259 e.
983 1213 1100 1258 baud
1128 1214 1192 1258 ita
1216 1205 1358 1258 'multo
1387 1212 1620 1273 postillam
1639 1215 1878 1258 orationem
1894 1214 2103 1259 habitam.
2160 1215 2271 1259 Erat
2289 1217 2335 1259 in
2355 1228 2555 1259 sermone

356 1296 601 1342 moon-w
627 1293 770 1347 οὖδόν,
799 1294 919 1340 haud
946 1293 1092 1350 dubie,
1121 1295 1229 1354 quia
1242 1293 1368 1362 'alter
1394 1293 1520 1338 alteri
1549 1300 1776 1353 suspectus
1804 1301 1912 1351 erat,
1940 1295 2019 1339 sed
2048 1296 2268 1354 φιλόλογα
2296 1295 2444 1340 multa.

529 1376 588 1421 At
616 1370 690 1421 illo
720 1382 914 1435 tempore
941 1380 1034 1419 tota
1063 1374 1310 1434 respublica
1332 1375 1425 1434 jam
1463 1374 1565 1419 belli
1593 1375 1783 1420 Parthici
1822 1381 1868 1419 et
1895 1377 2221 1435 exspectatione
2260 1382 2306 1419 et
2341 1382 2555 1434 apparatu

357 1463 454 1502 erat
482 1462 710 1501 commota.
769 1453 945 1512 Caesar,
966 1456 1021 1501 V.
1052 1455 1238 1500 dictator
1267 1461 1310 1499 et
1340 1455 1503 1512 consul,
1533 1455 1742 1515 colleg-am
1773 1455 1856 1500 sibi
1886 1455 2005 1501 eluso
2035 1455 2266 1502 Dolabella
2292 1455 2556 1515 adjunxerat

352 1537 416 1582 M.
444 1538 695 1592 Antonium,
724 1536 940 1581 hominem
970 1536 1188 1596 perditum
1218 1543 1263 1580 et
1292 1551 1394 1580 aere
1423 1536 1564 1581 alieno
1594 1551 1862 1596 oppressum,
1891 1536 1970 1580 sed
1999 1536 2212 1581 audacem
2247 1542 2291 1580 et
2323 1535 2382 1580 ad
2410 1538 2556 1581 omnia

352 1617 558 1663 audenda
585 1623 801 1676 paratum.
859 1617 957 1662 Tali
986 1618 1101 1661 enim
1130 1619 1226 1661 viro
1256 1617 1315 1662 ad
1343 1632 1408 1674 ea,
1438 1633 1552 1677 quae
1582 1624 1880 1677 proposuerat,
1908 1617 2192 1677 exsequenda
2230 1619 2270 1661 ei
2301 1632 2410 1677 opus
2449 1624 2555 1662 erat.

360 1699 549 1760 Reliqua
576 1706 624 1744 ut
654 1700 1033 1755 constituerentur,
1061 1698 1274 1744 Kalendis
1302 1699 1332 1744 J
1334 1700 1526 1744 anuariis
1555 1700 1660 1743 anni
1698 1700 1784 1744 710
1820 1714 1970 1743 omnes
2009 1705 2233 1743 senatores
2272 1702 2317 1743 in
2356 1705 2555 1743 senatum

357 1782 497 1826 coacti
525 1787 639 1825 sunt.
699 1780 791 1825 Nec
820 1778 973 1824 Cicero
1002 1781 1047 1824 in
1076 1794 1240 1837 eorum,
1269 1781 1347 1840 qui
1376 1781 1521 1825 vocati
1551 1787 1688 1837 erant,
1717 1795 1898 1825 numero
1927 1780 2078 1826 defuit.
2137 1779 2312 1834 Caesar,
2346 1788 2394 1825 ut
2423 1782 2554 1825 etiam

354 1863 499 1906 futuro
528 1863 716 1920 tempori
746 1860 1010 1920 provideret,
1039 1860 1244 1918 ostendit,
1274 1876 1322 1906 se
1352 1862 1474 1920 prius
1505 1876 1638 1921 quam
1656 1861 2015 1920 proficisceretur,
2035 1860 2309 1906 Dolabellam
2336 1861 2556 1906 consulem

351 1959 451 1987 esse
473 1945 709 2003 jussurum.
769 1945 898 1986 Anno
931 1943 1010 1986 ‘111
1044 1941 1233 1986 Hirtium
1266 1948 1311 1985 et
1340 1942 1539 1998 Pansam,
1569 1956 1683 1985 anno
1706 1943 1789 1986 712
1818 1941 1926 1985 Dec.
1947 1940 2132 1985 Brutum
2162 1947 2206 1985 et
2225 1941 2431 1986 Plancum
2456 1957 2555 1986 oon·

355 2025 471 2068 sules
501 2023 761 2081 designavit.
821 2022 929 2066 lude
959 2022 1017 2066 ab
1047 2037 1099 2065 eo
1132 2028 1327 2082 tempore
1358 2021 1512 2066 rabido
1542 2021 1734 2081 quodam
1762 2022 1906 2065 furore
1932 2022 2022 2066 fato
2053 2023 2293 2066 imminenti
2311 2037 2359 2066 se
2379 2022 2555 2066 obviam

358 2104 522 2149 effudit.
585 2104 848 2148 Potestatem
879 2104 994 2147 enim
1025 2105 1192 2162 regiam
1232 2119 1368 2164 quum
1409 2102 1573 2147 dudum
1611 2108 1792 2158 teneret,
1825 2104 1919 2162 jam
1958 2104 2089 2146 etiam
2129 2110 2286 2146 nomen
2324 2103 2557 2147 affectabat

353 2185 538 2242 regium.
596 2182 832 2228 Referebat
859 2184 984 2240 scire,
1013 2184 1122 2243 quid
1150 2184 1337 2244 populus
1366 2199 1574 2242 passurus
1604 2191 1732 2227 esset.
1792 2183 1848 2226 Ei
1877 2185 1942 2228 rei
1970 2184 2188 2228 Antonius
2217 2199 2341 2228 suam
2379 2199 2557 2243 operam

355 2264 602 2321 obtulerat3
640 2263 811 2308 sedenti
848 2265 964 2308 euim
992 2265 1038 2308 in
1066 2266 1217 2310 rostris
1247 2264 1550 2325 Lupercalium
1589 2264 1661 2308 die
1699 2266 1793 2324 ipse
1821 2264 2050 2324 Lupercus
2088 2264 2291 2309 diadema
2328 2264 2556 2320 obtulerat,

354 2352 399 2389 et
428 2359 562 2405 quum
591 2359 620 2388 a
650 2343 839 2387 Caesare
868 2350 1075 2405 percepta
1105 2344 1254 2406 populi
1284 2344 1580 2404 indignatione
1610 2343 1657 2389 id
1685 2349 1931 2389 recusatum
1973 2351 2099 2402 esset,
2140 2344 2332 2390 adscribi
2364 2346 2557 2405 jusserat

353 2429 398 2471 in
437 2427 560 2471 fastis
589 2426 647 2471 ad
676 2425 950 2486 Lupercalia,
980 2422 1032 2470 C.
1062 2424 1254 2483 Caesari,
1296 2426 1495 2471 dictatori
1533 2431 1759 2487 perpetuo,
1798 2425 1855 2470 M.
1889 2426 2126 2472 Antonium
2157 2426 2379 2472 consulem
2407 2426 2556 2488 populi

345 2511 476 2568 jussu
521 2523 704 2567 regnum
744 2507 951 2552 detulisse
965 2540 976 2559 ,
1015 2507 1250 2552 Caesarem
1290 2510 1351 2551 uti
1391 2495 1593 2553 noluisse.
1662 2509 1791 2565 Quod
1832 2508 2051 2568 quomodo
2091 2507 2295 2565 haberet,
2335 2509 2555 2568 cognitum

332 2597 436 2648 .est,
465 2606 603 2650 quum
645 2587 812 2635 Caesar
854 2589 1052 2635 tribunos
1097 2589 1249 2649 plebis,
1288 2605 1316 2633 a
1353 2589 1526 2649 quibus,
1565 2592 1642 2650 qui
1680 2592 1774 2650 ejus
1816 2595 1989 2635 statuae
2026 2591 2222 2635 lauream
2239 2591 2372 2638 ,albis
2408 2591 2555 2635 fasciis

357 2657 641 2717 intertextam
671 2673 983 2732 imposuerant,
1013 2672 1058 2715 in
1088 2686 1308 2716 carrerem
1339 2677 1464 2716 erant
1492 2673 1690 2731 conjecti,
1712 2673 1971 2730 magistratu
1991 2677 2036 2716 et
2054 2679 2210 2716 senatu
2230 2671 2553 2716 submovendos

355 2760 541 2797 curaret.
600 2752 701 2796 Huc
728 2754 924 2809 accessit,
953 2753 1073 2812 quod
1103 2753 1148 2795 in
1178 2751 1401 2811 Sibyllinis
1430 2751 1551 2796 libris
1579 2752 1803 2797 oraculum
1830 2753 2057 2797 inventum
2077 2759 2157 2822 est,
2177 2753 2263 2797 nisi
2282 2754 2402 2813 regis
2421 2752 2557 2797 ductu

356 2850 384 2878 a
412 2834 621 2879 Romanis
651 2833 835 2894 Parthos
864 2849 953 2879 non
992 2850 1121 2893 posse
1157 2833 1315 2892 subigi.
1386 2833 1510 2888 Quae
1548 2833 1657 2892 quid
1693 2833 1778 2877 sibi
1820 2833 1993 2890 vellent,
2033 2834 2160 2878 facile
2198 2835 2348 2894 patuit.
2418 2834 2557 2877 Facta

356 2921 419 2959 est
458 2915 594 2975 igitur
631 2915 872 2974 conjuratio
908 2913 1278 2960 nobilissimorum
1308 2916 1524 2973 juvenum
1566 2920 1613 2958 et
1645 2913 1814 2959 'Caesar
1857 2913 2008 2959 idibus
2051 2915 2237 2971 Martiis,
2279 2929 2418 2973 quum
2458 2920 2559 2974 post

355 3003 561 3056 quartum
591 2996 709 3040 diem
740 2993 799 3040 ad
825 2993 989 3039 bellum
1019 2995 1270 3040 Parthicum
1299 2993 1516 3055 proficisci
1546 2994 1689 3052 vellet,
1718 2996 1766 3040 in
1793 2996 1915 3040 curia
1948 2996 2146 3057 Pompeji
2183 2993 2438 3040 interfectus
2477 3001 2556 3040 est.
